@Article{Polkovnikov10,
	Adsbibcode = {2010AnPhy.325.1790P},
	Adsurl = {http://adsabs.harvard.edu/abs/2010AnPhy.325.1790P},
	Month = {aug},
	author = {Polkovnikov, Anatoli},
	title = {},
	journal = {Annals of Physics, Volume 325, Issue 8, p. 1790-1852.},
	volume = {325},
	pages = {1790-1852},
	year = {2010},
	doi = {10.1016/j.aop.2010.02.006},
}

@Article{Wootters87,
	Adsbibcode = {1987AnPhy.176....1W},
	Adsurl = {http://adsabs.harvard.edu/abs/1987AnPhy.176....1W},
	Month = {may},
	author = {Wootters, William K.},
	title = {},
	journal = {Annals of Physics, Volume 176, Issue 1, p. 1-21.},
	volume = {176},
	pages = {1-21},
	year = {1987},
	doi = {10.1016/0003-4916(87)90176-X},
}

@Article{Schachenmaye15,
	Adsbibcode = {2015PhRvX...5a1022S},
	Adsurl = {http://adsabs.harvard.edu/abs/2015PhRvX...5a1022S},
	Month = {jan},
	author = {Schachenmayer, J. and Pikovski, A. and Rey, A. M.},
	title = {},
	journal = {Physical Review X, Volume 5, Issue 1, id.011022},
	volume = {5},
	pages = {011022},
	year = {2015},
	doi = {10.1103/PhysRevX.5.011022},
}

@Article{Pucci16,
	Adsbibcode = {2016PhRvB..93q4302P},
	Adsurl = {http://adsabs.harvard.edu/abs/2016PhRvB..93q4302P},
	Doi = {10.1103/PhysRevB.93.174302},
	Month = {may},
	author = {Pucci, Lorenzo and Roy, Analabha and Kastner, Michael},
	title = {},
	journal = {Physical Review B, Volume 93, Issue 17, id.174302},
	volume = {93},
	pages = {174302},
	year = {2016},
}

@Article{Pucci17,
	Adsbibcode = {2017PhRvA..95e3625P},
	Adsurl = {http://adsabs.harvard.edu/abs/2017PhRvA..95e3625P},
	Doi = {10.1103/PhysRevA.95.053625},
	Month = {may},
	author = {Pucci, Lorenzo and Roy, Analabha and Santo, Tiago Santiago do Espirito and Kaiser, Robin and Kastner, Michael and Bachelard, Romain},
	title = {},
	journal = {Physical Review A, Volume 95, Issue 5, id.053625},
	volume = {95},
	pages = {053625},
	year = {2017},
}

@article{Sorensen01,
	Adsbibcode = {2001Natur.409...63S},
	Adsurl = {http://adsabs.harvard.edu/abs/2001Natur.409...63S},
	Month = {jan},
	author = {S{\o}rensen, A. and Duan, L.-M. and Cirac, J. I. and Zoller, P.},
	title = {},
	journal = {Nature, Volume 409, Issue 6816, pp. 63-66 (2001).},
	volume = {409},
	pages = {63-66},
	year = {2001},
	doi = {10.1038/35051038},
}

@Article{Britton12,
	Adsbibcode = {2012Natur.484..489B},
	Adsurl = {http://adsabs.harvard.edu/abs/2012Natur.484..489B},
	Month = {apr},
	author = {Britton, Joseph W. and Sawyer, Brian C. and Keith, Adam C. and Wang, C.-C. Joseph and Freericks, James K. and Uys, Hermann and Biercuk, Michael J. and Bollinger, John J.},
	title = {},
	journal = {Nature, Volume 484, Issue 7395, pp. 489-492 (2012).},
	volume = {484},
	pages = {489-492},
	year = {2012},
	doi = {10.1038/nature10981},
}

@Article{Eisert13,
	Adsbibcode = {2013PhRvL.111z0401E},
	Adsurl = {http://adsabs.harvard.edu/abs/2013PhRvL.111z0401E},
	Month = {dec},
	author = {Eisert, Jens and van den Worm, Mauritz and Manmana, Salvatore R. and Kastner, Michael},
	title = {},
	journal = {Physical Review Letters, Volume 111, Issue 26, id.260401},
	volume = {111},
	pages = {260401},
	year = {2013},
	doi = {10.1103/PhysRevLett.111.260401},
}

