@Article{Pucci16,
	Adsbibcode = {2016PhRvB..93q4302P},
	Adsurl = {http://adsabs.harvard.edu/abs/2016PhRvB..93q4302P},
	Month = {may},
	author = {Pucci, Lorenzo and Roy, Analabha and Kastner, Michael},
	title = {Simulation of quantum spin dynamics by phase space sampling of Bogoliubov-Born-Green-Kirkwood-Yvon trajectories},
	journal = {Physical Review B, Volume 93, Issue 17, id.174302},
	volume = {93},
	pages = {174302},
	year = {2016},
	doi = {10.1103/PhysRevB.93.174302},
}

@Article{Pucci17,
	Adsbibcode = {2017PhRvA..95e3625P},
	Adsurl = {http://adsabs.harvard.edu/abs/2017PhRvA..95e3625P},
	Month = {may},
	author = {Pucci, Lorenzo and Roy, Analabha and Santo, Tiago Santiago do Espirito and Kaiser, Robin and Kastner, Michael and Bachelard, Romain},
	title = {Quantum effects in the cooperative scattering of light by atomic clouds},
	journal = {Physical Review A, Volume 95, Issue 5, id.053625},
	volume = {95},
	pages = {053625},
	year = {2017},
	doi = {10.1103/PhysRevA.95.053625},
}

