@comment{x-kbibtex-personnameformatting=<%l><, %f>}

% This file was created with JabRef 2.10b2.
% Encoding: UTF-8

@incollection{Abraham,
	author = "Abraham, D. B.",
	booktitle = "{Phase Transitions and Critical Phenomena}",
	editor = "Domb, C. and Lebowitz, J. L.",
	publisher = "Academic press",
	title = "{Surface structures and phase transitions --- {E}xact results}",
	volume = "10",
	year = "1986"
}

@article{AnAnRuZa04,
	author = "Andronico, A. and Angelani, L. and Ruocco, G. and Zamponi, F.",
	journal = "Phys. Rev. E",
	pages = "041101",
	title = "{Topological properties of the mean-field $\phi^4$ model}",
	volume = "70",
	year = "2004"
}

@article{Angelani_etal05,
	author = "Angelani, L. and Casetti, L. and Pettini, M. and Ruocco, G. and Zamponi, F.",
	journal = "Phys. Rev. E",
	pages = "036152",
	title = "{Topology and phase transitions: From an exactly solvable model to a relation between topology and thermodynamics}",
	volume = "71",
	year = "2005"
}

@article{Angelani_etal03,
	author = "Angelani, L. and Casetti, L. and Pettini, M. and Ruocco, G. and Zamponi, F.",
	journal = "Europhys. Lett.",
	pages = "775--781",
	title = "{Topological signature of first-order phase transitions in a mean-field model}",
	volume = "62",
	year = "2003"
}

@article{AnRuZa05,
	author = "Angelani, L. and Ruocco, G. and Zamponi, F.",
	journal = "Phys. Rev. E",
	pages = "016122",
	title = "{Relationship between phase transitions and topological changes in one-dimensional models}",
	volume = "72",
	year = "2005"
}

@article{AnteneodoTsallis98,
	author = "Anteneodo, C. and Tsallis, C.",
	doi = "10.1103/PhysRevLett.80.5313",
	journal = "Phys. Rev. Lett.",
	pages = "5313--5316",
	title = "{Breakdown of exponential sensitivity to initial conditions: role of the range of interactions}",
	volume = "80",
	year = "1998"
}

@article{AnteneodoVallejos01,
	author = "Anteneodo, C. and Vallejos, R. O.",
	doi = "10.1103/PhysRevE.65.016210",
	journal = "Phys. Rev. E",
	pages = "016210",
	title = "{Scaling laws for the largest {L}yapunov exponent in long-range systems: {A} random matrix approach}",
	volume = "65",
	year = "2001"
}

@article{AnRu95,
	author = "Antoni, M. and Ruffo, S.",
	doi = "10.1103/PhysRevE.52.2361",
	journal = "Phys. Rev. E",
	pages = "2361--2374",
	title = "{Clustering and relaxation in {H}amiltonian long-range dynamics}",
	volume = "52",
	year = "1995"
}

@article{Antoniazzi_etal07,
	author = "Antoniazzi, A. and Fanelli, D. and Barr{\'e}, J. and Chavanis, P.-H. and Dauxois, T. and Ruffo, S.",
	journal = "Phys. Rev. E",
	pages = "011112",
	title = "{Maximum entropy principle explains quasistationary states in systems with long-range interactions: {T}he example of the {H}amiltonian mean-field model}",
	volume = "75",
	year = "2007"
}

@incollection{AshSchil,
	author = "Ashtekar, A. and Schilling, T. A.",
	booktitle = "{On Einstein's Path: Essays in Honor of Engelbert Schucking}",
	editor = "Harvey, A.",
	publisher = "Springer",
	title = "{Geometrical Formulation of Quantum Mechanics}",
	year = "1999"
}

@article{Bachelard2011,
	author = "Bachelard, R. and Dauxois, T. and Ninno, G. De and Ruffo, S. and Staniscia, F.",
	doi = "10.1103/PhysRevE.83.061132",
	journal = "Phys. Rev. E",
	pages = "061132",
	title = "{Vlasov equation for long-range interactions on a lattice}",
	volume = "83",
	year = "2011"
}

@article{BachelardKastner13,
	author = "Bachelard, R. and Kastner, M.",
	doi = "10.1103/PhysRevLett.110.170603",
	journal = "Phys. Rev. Lett.",
	pages = "170603",
	title = "{Universal threshold for the dynamical behavior of lattice systems with long-range interactions}",
	volume = "110",
	year = "2013"
}

@article{Bachelard_etal10,
	author = "Bachelard, R. and Manos, T. and de Buyl, P. and Staniscia, F. and Cataliotti, F. S. and Ninno, G. De and Fanelli, D. and Piovella, N.",
	doi = "10.1088/1742-5468/2010/06/P06009",
	journal = "J. Stat. Mech.",
	pages = "P06009",
	title = "{Experimental perspectives for systems based on long-range interactions}",
	volume = "2010",
	year = "2010"
}

@article{Baker61,
	author = "Baker, G. A.",
	journal = "Phys. Rev.",
	pages = "1477--1484",
	title = "{One-dimensional order--disorder model which approaches a phase transition}",
	volume = "122",
	year = "1961"
}

@book{Balian,
	author = "Balian, R.",
	optvolume = "1",
	publisher = "Springer, Berlin",
	title = "{From Microphysics to Macrophysics}",
	year = "1991"
}

@article{Baranov_etal12,
	author = "Baranov, M. A. and Dalmonte, M. and Pupillo, G. and Zoller, P.",
	doi = "10.1021/cr2003568",
	journal = "Chem. Rev.",
	pages = "5012--5061",
	title = "{Condensed Matter Theory of Dipolar Quantum Gases}",
	volume = "112",
	year = "2012"
}

@mastersthesis{BaroniPhD,
	author = "Baroni, F.",
	school = "Universit{\`a} degli Studi di Firenze",
	title = "{Transizioni di fase e topologia dello spazio del\-le configurazioni di modelli di campo medio}",
	year = "2002"
}

@article{BaCa06,
	author = "Baroni, F. and Casetti, L.",
	journal = "J. Phys. A: Math. Gen.",
	pages = "529--545",
	title = "{Topological conditions for discrete symmetry breaking and phase transitions}",
	volume = "39",
	year = "2006"
}

@article{BaBoDaRu,
	author = "Barr{\'e}, J. and Bouchet, F. and Dauxois, T. and Ruffo, S.",
	journal = "J. Stat. Phys.",
	pages = "677--713",
	title = "{Large deviation techniques applied to systems with long-range interactions}",
	volume = "119",
	year = "2005"
}

@article{Bareiss69,
	author = "Bareiss, E. H.",
	doi = "10.1007/BF02163269",
	file = ":home/david/Dokumente/Mendeley Desktop/Bareiss - 1969 - Numerical solution of linear equations with Toeplitz and Vector Toeplitz matrices.pdf:pdf",
	issn = "0029-599X",
	journal = "Numer. Math.",
	month = oct,
	number = "5",
	pages = "404--424",
	title = "{Numerical solution of linear equations with {T}oeplitz and vector {T}oeplitz matrices}",
	url = "http://link.springer.com/10.1007/BF02163269",
	volume = "13",
	year = "1969"
}

@article{Barre_etal06,
	author = "Barr{\'e}, J. and Bouchet, F. and Dauxois, T. and Ruffo, S. and Yamaguchi, Y. Y.",
	journal = "Physica A",
	pages = "177--183",
	title = "{The {V}lasov equation and the {H}amiltonian mean-field model}",
	volume = "365",
	year = "2006"
}

@article{Beale96,
	author = "Beale, P. D.",
	journal = "Phys. Rev. Lett.",
	pages = "78--81",
	title = "{Exact distribution of energies in the two-dimensional {I}sing model}",
	volume = "76",
	year = "1996"
}

@article{Behringer05,
	author = "Behringer, H.",
	journal = "J. Stat. Mech. Theory Exp.",
	number = "06",
	opturl = "http://stacks.iop.org/1742-5468/2005/P06014",
	pages = "P06014",
	title = "{Critical properties of the spherical model in the microcanonical formalism}",
	volume = "2005",
	year = "2005"
}

@book{BenOrs,
	author = "Bender, C. M. and Orszag, S. A.",
	publisher = "Springer",
	title = "{Advanced Mathematical Methods for Scientists and Engineers}",
	year = "1999"
}

@book{Binney_etal,
	author = "Binney, J. J. and Dowrick, N. J. and Fisher, A. J. and Newman, M. E. J.",
	publisher = "Clarendon Press, Oxford",
	title = "{The Theory of Critical Phenomena: {A}n Introduction to the Renormalization Group}",
	year = "1992"
}

@article{BisChayCraw06,
	author = "Biskup, M. and Chayes, L. and Crawford, N.",
	journal = "J. Stat. Phys.",
	pages = "1139--1193",
	title = "{Mean-field driven first-order phase transitions in systems with long-range interactions}",
	volume = "122",
	year = "2006"
}

@article{Boltzmann72,
	author = "Boltzmann, L.",
	journal = "Wien. Ber.",
	pages = "275--370",
	title = "{Wei\-te\-re Stu\-di\-en {\"u}\-ber das W{\"a}r\-me\-gleich\-ge\-wicht un\-ter Gas\-mo\-le\-k{\"u}\-len}",
	volume = "66",
	year = "1872"
}

@book{Bonitz,
	author = "Bonitz, M.",
	publisher = "Teubner, Stuttgart",
	title = "{Quantum Kinetic Theory}",
	year = "1998"
}

@article{BouBa05,
	author = "Bouchet, F. and Barr{\'e}, J.",
	journal = "J. Stat. Phys.",
	pages = "1073--1105",
	title = "{Classification of phase transitions and ensemble inequivalence, in systems with long range interactions}",
	volume = "118",
	year = "2005"
}

@article{BouchetDauxois05,
	author = "Bouchet, F. and Dauxois, T.",
	doi = "10.1103/PhysRevE.72.045103",
	journal = "Phys. Rev. E",
	pages = "045103(R)",
	title = "{Prediction of anomalous diffusion and algebraic relaxations for long-range interacting systems, using classical statistical mechanics}",
	volume = "72",
	year = "2005"
}

@article{BouchetGuptaMukamel10,
	author = "Bouchet, F. and Gupta, S. and Mukamel, D.",
	journal = "Physica A",
	pages = "4389--4405",
	title = "{Thermodynamics and dynamics of systems with long-range interactions}",
	volume = "389",
	year = "2010"
}

@book{BratteliRobinson2,
	author = "Bratteli, O. and Robinson, D. W.",
	edition = "2nd",
	publisher = "Springer, Berlin",
	title = "{Operator Algebras and Quantum Statistical Mechanics 2}",
	year = "1997"
}

@article{BraunHepp77,
	author = "Braun, W. and Hepp, K.",
	doi = "10.1007/BF01611497",
	journal = "Commun. Math. Phys.",
	pages = "101--113",
	title = "{The {V}lasov dynamics and its fluctuations in the $1/N$ limit of interacting classical particles}",
	volume = "56",
	year = "1977"
}

@article{BravyiHastingsVerstraete06,
	author = "Bravyi, S. and Hastings, M. B. and Verstraete, F.",
	doi = "10.1103/PhysRevLett.97.050401",
	journal = "Phys. Rev. Lett.",
	pages = "050401",
	title = "{{L}ieb-{R}obinson Bounds and the Generation of Correlations and Topological Quantum Order}",
	volume = "97",
	year = "2006"
}

@article{BricFonLan77,
	author = "Bricmont, J. and Fontaine, J. R. and Landau, L. J.",
	journal = "Comm. Math. Phys.",
	pages = "281--296",
	title = "{On the uniqueness of the equilibrium state for plane rotators}",
	volume = "56",
	year = "1977"
}

@article{Britton_etal12,
	author = "Britton, J. W. and Sawyer, B. C. and Keith, A. C. and Wang, C.-C. J. and Freericks, J. K. and Uys, H. and Biercuk, M. J. and Bollinger, J. J.",
	doi = "10.1038/nature10981",
	journal = "Nature (London)",
	pages = "489--492",
	title = "{Engineered two-dimensional {I}sing interactions in a trapped-ion quantum simulator with hundreds of spins}",
	volume = "484",
	year = "2012"
}

@article{BroHoHu07,
	author = "Brody, D. C. and Hook, D. W. and Hughston, L. P.",
	journal = "Proc. R. Soc. Lond. Ser. A Math. Phys. Eng. Sci.",
	pages = "2021--2030",
	title = "{Quantum phase transitions without thermodynamic limits}",
	volume = "463",
	year = "2007"
}

@article{BroHugh01,
	author = "Brody, D. C. and Hughston, L. P.",
	journal = "J. Geom. Phys.",
	pages = "19--53",
	title = "{Geometric quantum mechanics}",
	volume = "38",
	year = "2001"
}

@article{Burkhardt81,
	author = "Burkhardt, T. W.",
	journal = "J. Phys. A: Math. Gen.",
	pages = "L63--L68",
	title = "{Localisation--delocalisation transition in a solid-on-solid model with a pinning potential}",
	volume = "14",
	year = "1981"
}

@article{Butta_etal07,
	author = "Butt{\`a}, P. and Caglioti, E. and {Di Ruzza}, S. and Marchioro, C.",
	doi = "10.1007/s10955-007-9278-0",
	journal = "J. Stat. Phys.",
	pages = "313--325",
	title = "{On the Propagation of a Perturbation in an Anharmonic System}",
	volume = "127",
	year = "2007"
}

@unpublished{BuylMukamelRuffo,
	author = "de Buyl, P. and Mukamel, D. and Ruffo, S.",
	note = "{a}rXiv:1012.2594"
}

@article{CagliotiRousset08,
	author = "Caglioti, E. and Rousset, F.",
	doi = "10.1007/s00205-008-0157-x",
	journal = "Arch. Ration. Mech. Anal.",
	pages = "517--547",
	title = "{Long Time Estimates in the Mean Field Limit}",
	volume = "190",
	year = "2008"
}

@article{CaCaClePe97,
	author = "Caiani, L. and Casetti, L. and Clementi, C. and Pettini, M.",
	journal = "Phys. Rev. Lett.",
	pages = "4361--4364",
	title = "{Geometry of dynamics, {L}yapunov exponents, and phase transitions}",
	volume = "79",
	year = "1997"
}

@article{CalabreseCardy06,
	author = "Calabrese, P. and Cardy, J.",
	doi = "10.1103/PhysRevLett.96.136801",
	journal = "Phys. Rev. Lett.",
	pages = "136801",
	title = "{Time dependence of correlation functions following a quantum quench}",
	volume = "96",
	year = "2006"
}

@article{CalabreseEsslerFagotti11,
	author = "Calabrese, P. and Essler, F. H. L. and Fagotti, M.",
	journal = "Phys. Rev. Lett.",
	pages = "227203",
	title = "{Quantum Quench in the Transverse-Field {I}sing Chain}",
	volume = "106",
	year = "2011"
}

@article{CamDauxRuf09,
	author = "Campa, A. and Dauxois, T. and Ruffo, S.",
	doi = "10.1016/j.physrep.2009.07.001",
	journal = "Phys. Rep.",
	pages = "57--159",
	title = "{Statistical mechanics and dynamics of solvable models with long-range interactions}",
	volume = "480",
	year = "2009"
}

@article{CamRuf06,
	author = "Campa, A. and Ruffo, S.",
	journal = "Physica A",
	pages = "517--528",
	title = "{Microcanonical solution of the mean-field $\phi^4$ model: {C}omparison with time averages at finite size}",
	volume = "369",
	year = "2006"
}

@article{CaRuTou07,
	author = "Campa, A. and Ruffo, S. and Touchette, H.",
	journal = "Physica A",
	pages = "233--248",
	title = "{Negative magnetic susceptibility and nonequivalent ensembles for the mean-field $\varphi^4$ spin model}",
	volume = "385",
	year = "2007"
}

@article{Campos_etal06,
	author = "{Campos Venuti}, L. and {Degli Esposti Boschi}, C. and Roncaglia, M.",
	doi = "10.1103/PhysRevLett.96.247206",
	journal = "Phys. Rev. Lett.",
	optkey = "",
	optmonth = "",
	optnote = "",
	optnumber = "",
	pages = "247206",
	title = "{Long-Distance Entanglement in Spin Systems}",
	volume = "96",
	year = "2006"
}

@article{Campos_etal07,
	author = "{Campos Venuti}, L. and {Degli Esposti Boschi}, C. and Roncaglia, M.",
	doi = "10.1103/PhysRevLett.99.060401",
	journal = "Phys. Rev. Lett.",
	optkey = "",
	optmonth = "",
	optnote = "",
	optnumber = "",
	pages = "060401",
	title = "{Qubit Teleportation and Transfer across Antiferromagnetic Spin Chains}",
	volume = "99",
	year = "2007"
}

@article{Carmona_etal98,
	author = "Carmona, J. M. and Richert, J. and Taranc{\'o}n, A.",
	journal = "Nucl. Phys. A",
	pages = "115--134",
	title = "{A model for nuclear matter fragmentation: phase diagram and cluster distributions}",
	volume = "643",
	year = "1998"
}

@article{CaCoPe02,
	author = "Casetti, L. and Cohen, E. G. D. and Pettini, M.",
	journal = "Phys. Rev. E",
	pages = "036112",
	title = "{Exact result on topology and phase transitions at any finite {$N$}}",
	volume = "65",
	year = "2002"
}

@article{CaCoPe99,
	author = "Casetti, L. and Cohen, E. G. D. and Pettini, M.",
	journal = "Phys. Rev. Lett.",
	pages = "4160--4163",
	title = "{Topological origin of the phase transition in a mean-field model}",
	volume = "82",
	year = "1999"
}

@article{CaKa07,
	author = "Casetti, L. and Kastner, M.",
	journal = "Physica A",
	pages = "318--334",
	title = "{Partial equivalence of statistical ensembles and kinetic energy}",
	volume = "384",
	year = "2007"
}

@article{CaKa06,
	author = "Casetti, L. and Kastner, M.",
	journal = "Phys. Rev. Lett.",
	pages = "100602",
	title = "{Nonanalyticities of entropy functions of finite and infinite systems}",
	volume = "97",
	year = "2006"
}

@unpublished{CaKaNe,
	author = "Casetti, L. and Kastner, M. and Nerattini, R.",
	note = "In preparation"
}

@article{CaPeCo03,
	author = "Casetti, L. and Pettini, M. and Cohen, E. G. D.",
	journal = "J. Stat. Phys.",
	pages = "1091--1123",
	title = "{Phase transitions and topology changes in configuration space}",
	volume = "111",
	year = "2003"
}

@article{CaPeCo00,
	author = "Casetti, L. and Pettini, M. and Cohen, E. G. D.",
	journal = "Phys. Rep.",
	pages = "237--341",
	title = "{Geometric approach to {H}amiltonian dynamics and statistical mechanics}",
	volume = "337",
	year = "2000"
}

@article{CazalillaRigol10,
	author = "Cazalilla, M. A. and Rigol, M.",
	journal = "New J. Phys.",
	pages = "055006",
	title = "{Focus on Dynamics and Thermalization in Isolated Quantum Many-Body Systems}",
	volume = "12",
	year = "2010"
}

@article{Chalony_etal12,
	author = "Chalony, M. and Barr{\'e}, J. and Marcos, B. and Olivetti, A. and Wilkowski, D.",
	doi = "10.1103/PhysRevA.87.013401",
	issue = "1",
	journal = "Phys. Rev. A",
	month = "Jan",
	numpages = "6",
	pages = "013401",
	title = "{Long-range one-dimensional gravitational-like interaction in a neutral atomic cold gas}",
	volume = "87",
	year = "2013"
}

@article{ChavanisBaldovinOrlandini11,
	author = "Chavanis, P.-H. and Baldovin, F. and Orlandini, E.",
	doi = "10.1103/PhysRevE.83.040101",
	issue = "4",
	journal = "Phys. Rev. E",
	numpages = "4",
	pages = "040101",
	publisher = "American Physical Society",
	title = "{Noise-induced dynamical phase transitions in long-range systems}",
	volume = "83",
	year = "2011"
}

@article{Chayes09,
	author = "Chayes, L.",
	journal = "Commun. Math. Phys.",
	pages = "303--341",
	title = "{Mean-field analysis of low-dimensional systems}",
	volume = "292",
	year = "2009"
}

@article{Cheneau_etal12,
	author = "Cheneau, M. and Barmettler, P. and Poletti, D. and Endres, M. and Schau{\ss}, P. and Fukuhara, T. and Gross, C. and Bloch, I. and Kollath, C. and Kuhr, S.",
	doi = "10.1038/nature10748",
	journal = "Nature (London)",
	pages = "484--487",
	title = "{Light-cone-like spreading of correlations in a quantum many-body system}",
	volume = "481",
	year = "2012"
}

@article{Cirto12,
	author = "Cirto, Leonardo J. L. and Assis, Vladimir R. V. and Tsallis, Constantino",
	note = "arXiv:1206.6133",
	title = "{Influence of the interaction range on the thermostatistics of a classical many-body system}"
}

@article{Cohen90,
	author = "Cohen, E. G. D.",
	journal = "Am. J. Phys.",
	pages = "619--625",
	title = "{George E. Uhlenbeck and statistical mechanics}",
	volume = "58",
	year = "1990"
}

@article{Cramer_etal08,
	author = "Cramer, M. and Dawson, C. M. and Eisert, J. and Osborne, T. J.",
	journal = "Phys. Rev. Lett.",
	pages = "030602",
	title = "{Exact relaxation in a class of nonequilibrium quantum lattice systems}",
	volume = "100",
	year = "2008"
}

@article{CramerEisert08,
	author = "Cramer, M. and Dawson, C. M. and Eisert, J. and Osborne, T. J.",
	doi = "10.1103/PhysRevLett.100.030602",
	journal = "Phys. Rev. Lett.",
	pages = "030602",
	title = "{Exact Relaxation in a Class of Nonequilibrium Quantum Lattice Systems}",
	volume = "100",
	year = "2008"
}

@article{Cramer2008,
	author = "Cramer, M. and Flesch, A. and McCulloch, I. P. and Schollw{\"o}ck, U. and Eisert, J.",
	doi = "10.1103/PhysRevLett.101.063001",
	file = ":home/mauritz/Documents/Mendeley Desktop/Cramer et al/Physical Review Letters/Cramer et al. - 2008 - Exploring Local Quantum Many-Body Relaxation by Atoms in Optical Superlattices(2).pdf:pdf;:home/mauritz/Documents/Mendeley Desktop/Cramer et al/Physical Review Letters/Cramer et al. - 2008 - Exploring Local Quantum Many-Body Relaxation by Atoms in Optical Superlattices.pdf:pdf",
	issn = "0031-9007",
	journal = "Phys. Rev. Lett.",
	month = aug,
	number = "6",
	owner = "mauritz",
	pages = "063001",
	timestamp = "2014.12.04",
	title = "{Exploring Local Quantum Many-Body Relaxation by Atoms in Optical Superlattices}",
	url = "http://link.aps.org/doi/10.1103/PhysRevLett.101.063001",
	volume = "101",
	year = "2008"
}

@article{CuSa04,
	author = "Cuesta, J. A. and S{\'a}nchez, A.",
	journal = "J. Stat. Phys.",
	pages = "869--893",
	title = "{General non-existence theorem for phase transitions in one-dimensional systems with short-range interactions, and physical examples of such transitions}",
	volume = "115",
	year = "2004"
}

@article{Damanik_etal14,
	author = "Damanik, D. and Lemm, M. and Lukic, M. and Yessen, W.",
	doi = "10.1103/PhysRevLett.113.127202",
	journal = "Phys. Rev. Lett.",
	optkey = "",
	optmonth = "",
	optnote = "",
	optnumber = "",
	pages = "127202",
	title = "{New Anomalous {L}ieb-{R}obinson Bounds in Quasiperiodic ${XY}$ Chains}",
	volume = "113",
	year = "2014"
}

@incollection{Dauxois_inbook,
	author = "Dauxois, T. and Latora, V. and Rapisarda, A. and Ruffo, S. and Torcini, A.",
	booktitle = "{Dynamics and Thermodynamics of Systems with Long-Range Interactions}",
	editor = "Dauxois, T. and Ruffo, S and Arimondo, E. and Wilkens, M.",
	publisher = "Springer",
	series = "{Lecture Notes in Physics}",
	title = "{The {H}amiltonian mean field model: from dynamics to statistical mechanics and back}",
	volume = "602",
	year = "2002"
}

@article{DauxLeRu03,
	author = "Dauxois, T. and Lepri, S. and Ruffo, S.",
	journal = "Commun. Nonlinear Sci. Numer. Simul.",
	pages = "375--387",
	title = "{Clustering and ensembles inequivalence in the $\phi^4$ and $\phi^6$ mean-field {H}amiltonian models}",
	volume = "8",
	year = "2003"
}

@book{Demazure,
	author = "Demazure, M.",
	publisher = "Springer",
	title = "{Bifurcations and Catastrophes: {G}eometry of Solutions to Nonlinear Problems}",
	year = "2000"
}

@article{DeMille02,
	author = "DeMille, D.",
	doi = "10.1103/PhysRevLett.88.067901",
	journal = "Phys. Rev. Lett.",
	pages = "067901",
	title = "{Quantum Computation with Trapped Polar Molecules}",
	volume = "88",
	year = "2002"
}

@article{Deutsch91,
	author = "Deutsch, J. M.",
	journal = "Phys. Rev. A",
	pages = "2046--2049",
	title = "{Quantum statistical mechanics in a closed system}",
	volume = "43",
	year = "1991"
}

@article{Dominguez_etal10,
	author = "Dominguez, A. and Oettel, M. and Dietrich, S.",
	doi = "10.1103/PhysRevE.82.011402",
	journal = "Phys. Rev. E",
	pages = "11402",
	title = "{Dynamics of colloidal particles with capillary interactions}",
	volume = "82",
	year = "2010"
}

@article{DoWa02,
	author = "Doye, J. P. K. and Wales, D. J.",
	journal = "J. Chem. Phys.",
	pages = "3777--3788",
	title = "{Saddle points and dynamics of {L}ennard-{J}ones clusters, solids, and supercooled liquids}",
	volume = "116",
	year = "2002"
}

@article{Duan_etal03,
	author = "Duan, L.-M. and Demler, E. and Lukin, M. D.",
	journal = "Phys. Rev. Lett.",
	pages = "090402",
	title = "{Controlling spin exchange interactions of ultracold atoms in optical lattices}",
	volume = "91",
	year = "2003"
}

@article{DunHil06,
	author = "Dunkel, J. and Hilbert, S.",
	journal = "Physica A",
	pages = "390--406",
	title = "{Phase transitions in small systems: {M}icrocanonical vs.\ canonical ensembles}",
	volume = "370",
	year = "2006"
}

@article{Dyson69a,
	author = "Dyson, F. J.",
	journal = "Commun. Math. Phys.",
	pages = "91--107",
	title = "{Existence of a phase-transition in a one-dimensional {I}sing ferromagnet}",
	volume = "12",
	year = "1969"
}

@article{Dyson69b,
	author = "Dyson, F. J.",
	journal = "Commun. Math. Phys.",
	pages = "212--215",
	title = "{Non-existence of spontaneous magnetization in a one-dimensional {I}sing ferromagnet}",
	volume = "12",
	year = "1969"
}

@article{Pearson_etal85,
	author = "{E. M Pearson}, T. Halicioglu and Tiller, W. A.",
	journal = "Phys. Rev. A",
	pages = "3030--3039",
	title = "{Laplace-transform technique for deriving thermodynamic equations from the classical microcanonical ensemble}",
	volume = "32",
	year = "1985"
}

@article{EisertGross09,
	author = "Eisert, J. and Gross, D.",
	doi = "10.1103/PhysRevLett.102.240501",
	journal = "Phys. Rev. Lett.",
	pages = "240501",
	title = "{Supersonic quantum communication}",
	volume = "102",
	year = "2009"
}

@article{EisertOsborne06,
	author = "Eisert, J. and Osborne, T. J.",
	doi = "10.1103/PhysRevLett.97.150404",
	journal = "Phys. Rev. Lett.",
	pages = "150404",
	title = "{General entanglement scaling laws from time evolution}",
	volume = "97",
	year = "2006"
}

@article{EisertvdWormManmanaKastner13,
	author = "Eisert, J. and van den Worm, M. and Manmana, S. R. and Kastner, M.",
	doi = "10.1103/PhysRevLett.111.260401",
	journal = "Phys. Rev. Lett.",
	pages = "260401",
	title = "{Breakdown of quasi-locality in long-range quantum lattice models}",
	volume = "111",
	year = "2013"
}

@article{ElHaTur00,
	author = "Ellis, R. S. and Haven, K. and Turkington, B.",
	doi = "10.1023/A:1026446225804",
	journal = "J. Stat. Phys.",
	pages = "999--1064",
	title = "{Large deviation principles and complete equivalence and nonequivalence results for pure and mixed ensembles}",
	volume = "101",
	year = "2000"
}

@article{Emch66,
	author = "Emch, G. G.",
	doi = "10.1063/1.1705023",
	journal = "J. Math. Phys.",
	pages = "1198--1206",
	title = "{Non-{M}arkovian model for the approach to equilibrium}",
	volume = "7",
	year = "1966"
}

@article{FanVanVer84,
	author = "Fannes, M. and Vanheuverzwijn, P. and Verbeure, A.",
	journal = "J. Math. Phys.",
	pages = "76--78",
	title = "{Quantum energy-entropy inequalities: {A} new method for proving the absence of symmetry breaking}",
	volume = "25",
	year = "1984"
}

@article{Farago02,
	author = "Farago, J.",
	journal = "J. Stat. Phys.",
	pages = "781--803",
	title = "{Injected power fluctuations in {L}angevin equation}",
	volume = "107",
	year = "2002"
}

@inbook{Federer,
	author = "Federer, H.",
	chapter = "3.2.12",
	publisher = "Springer, New York",
	title = "{Geometric Measure Theory}",
	year = "1969"
}

@techreport{FPU55,
	author = "Fermi, E. and Pasta, J. and Ulam, S.",
	institution = "Los Alamos",
	number = "LA-1940",
	title = "{Studies of non linear problems}",
	year = "1955"
}

@inbook{FetterWalecka,
	alteditor = "",
	author = "Fetter, A. L. and Walecka, J. D.",
	chapter = "17",
	optaddress = "",
	optannote = "",
	optedition = "",
	optkey = "",
	optmonth = "",
	optnote = "",
	optnumber = "",
	optpages = "",
	optseries = "",
	opttype = "",
	optvolume = "",
	publisher = "Dover Publications, Mineola",
	title = "{Quantum Theory of Many-Particle Systems}",
	year = "2003"
}

@article{FirpoRuffo01,
	author = "Firpo, M.-C. and Ruffo, S.",
	doi = "10.1088/0305-4470/34/37/102",
	journal = "J. Phys. A: Math. Gen.",
	pages = "L511--L518",
	title = "{Chaos suppression in the large size limit for long-range systems}",
	volume = "34",
	year = "2001"
}

@article{CramerEisertScholl08,
	author = "Flesch, A. and Cramer, M. and McCulloch, I. P. and Schollw{\"o}ck, U. and Eisert, J.",
	doi = "10.1103/PhysRevA.78.033608",
	journal = "Phys. Rev. A",
	pages = "033608",
	title = "{Probing local relaxation of cold atoms in optical superlattices}",
	volume = "78",
	year = "2008"
}

@book{Fomenko,
	author = "Fomenko, A. T.",
	publisher = "Consultants Bureau",
	title = "{Differential Geometry and Topology}",
	year = "1987"
}

@article{FossFeigGongClarkGorshkov15,
	author = "Foss-Feig, M. and Gong, Z.-X. and Clark, C. W. and Gorshkov, A. V.",
	doi = "10.1103/PhysRevLett.114.157201",
	journal = "Phys. Rev. Lett.",
	optkey = "",
	optmonth = "",
	optnote = "",
	optnumber = "",
	pages = "157201",
	title = "{Nearly Linear Light Cones in Long-Range Interacting Quantum Systems}",
	volume = "114",
	year = "2015"
}

@article{FossFeigHazzardBollingerRey13,
	author = "Foss-Feig, M. and Hazzard, K. R. A. and Bollinger, J. J. and Rey, A. M.",
	doi = "10.1103/PhysRevA.87.042101",
	journal = "Phys. Rev. A",
	optkey = "",
	optmonth = "",
	optnote = "",
	optnumber = "",
	pages = "042101",
	title = "{Nonequilibrium dynamics of arbitrary-range {I}sing models with decoherence: an exact analytic solution}",
	volume = "87",
	year = "2013"
}

@article{FroePfi81,
	author = "Fr{\"o}hlich, J. and Pfister, C.",
	journal = "Commun. Math. Phys.",
	pages = "277--298",
	title = "{On the absence of spontaneous symmetry breaking and of crystalline ordering in two-dimensional systems}",
	volume = "81",
	year = "1981"
}

@article{FroeSiSpe76,
	author = "Fr{\"o}hlich, J. and Simon, B. and Spencer, T.",
	journal = "Commun. Math. Phys.",
	pages = "79--95",
	title = "{Infrared bounds, phase transitions and continuous symmetry breaking}",
	volume = "50",
	year = "1976"
}

@book{Frankel,
	author = "Frankel, T.",
	edition = "2nd",
	publisher = "Cambridge University Press, Cambridge",
	title = "{The geometry of physics: an introduction}",
	year = "2004"
}

@phdthesis{FranzosiPhD,
	author = "Franzosi, R.",
	school = "Universit{\`a} di Firenze",
	title = "{Aspetti geometrici e topologici nella teoria delle transizioni di fase}",
	year = "1998"
}

@article{FraCaSpiPe99,
	author = "Franzosi, R. and Casetti, L. and Spinelli, L. and Pettini, M.",
	journal = "Phys. Rev. E",
	pages = "R5009--R5012",
	title = "{Topological aspects of geometrical signatures of phase transitions}",
	volume = "60",
	year = "1999"
}

@article{FraPe07,
	author = "Franzosi, R. and Pettini, M.",
	journal = "Nuclear Phys. B",
	pages = "219--240",
	title = "{Topology and phase transitions II. Theorem on a necessary relation}",
	volume = "782",
	year = "2007"
}

@article{FraPe04,
	author = "Franzosi, R. and Pettini, M.",
	journal = "Phys. Rev. Lett.",
	pages = "060601",
	title = "{Theorem on the origin of phase transitions}",
	volume = "92",
	year = "2004"
}

@article{FraPeSpi07,
	author = "Franzosi, R. and Pettini, M. and Spinelli, L.",
	journal = "Nuclear Phys. B",
	pages = "189--218",
	title = "{Topology and phase transitions {I}. {P}reliminary results}",
	volume = "782",
	year = "2007"
}

@article{FraPeSpi00,
	author = "Franzosi, R. and Pettini, M. and Spinelli, L.",
	journal = "Phys. Rev. Lett.",
	pages = "2774--2777",
	title = "{Topology and phase transitions: {P}aradigmatic evidence}",
	volume = "84",
	year = "2000"
}

@article{Friedenauer_etal08,
	author = "Friedenauer, A. and Schmitz, H. and Glueckert, J. T. and Porras, D. and Schaetz, T.",
	journal = "Nature Phys.",
	pages = "757--761",
	title = "{Simulating a quantum magnet with trapped ions}",
	volume = "4",
	year = "2008"
}

@article{Goral_etal02,
	author = "G{\'o}ral, K. and Santos, L. and Lewenstein, M.",
	journal = "Phys. Rev. Lett.",
	pages = "170406",
	title = "{Quantum phases of dipolar bosons in optical lattices}",
	volume = "88",
	year = "2002"
}

@article{Gabrielli_etal10,
	author = "Gabrielli, A. and Joyce, M. and Marcos, B.",
	doi = "10.1103/PhysRevLett.105.210602",
	journal = "Phys. Rev. Lett.",
	month = "Nov",
	number = "21",
	numpages = "4",
	pages = "210602",
	publisher = "American Physical Society",
	title = "{Quasistationary States and the Range of Pair Interactions}",
	volume = "105",
	year = "2010"
}

@book{Gallavotti,
	author = "Gallavotti, G.",
	publisher = "Springer",
	title = "{Statistical Mechanics: {A} Short Treatise}",
	year = "1999"
}

@article{GaSchiSca04,
	author = "Garanin, D. A. and Schilling, R. and Scala, A.",
	journal = "Phys. Rev. E",
	pages = "036125",
	title = "{Saddle index properties, singular topology, and its relation to thermodynamic singularities for a $\phi^4$ mean-field model}",
	volume = "70",
	year = "2004"
}

@book{Georgii,
	author = "Georgii, H.-O.",
	publisher = "de Gruyter",
	series = "{de Gruyter Studies in Mathematics}",
	title = "{Gibbs Measures and Phase Transitions}",
	volume = "9",
	year = "1988"
}

@article{GiansantiMoroniCampa02,
	author = "Giansanti, A. and Moroni, D. and Campa, A.",
	doi = "10.1016/S0960-0779(01)00022-4",
	journal = "Chaos Soliton Fract.",
	pages = "407--416",
	title = "{Universal behaviour in the static and dynamic properties of the $\alpha$-$XY$ model}",
	volume = "13",
	year = "2002"
}

@article{Goldstein_etal10,
	author = "Goldstein, S. and Lebowitz, J. L. and Mastrodonato, C. and Tumulka, R. and Zangh\`\i, N.",
	doi = "10.1103/PhysRevE.81.011109",
	journal = "Phys. Rev. E",
	month = "Jan",
	number = "1",
	numpages = "9",
	pages = "011109",
	publisher = "American Physical Society",
	title = "{Approach to thermal equilibrium of macroscopic quantum systems}",
	volume = "81",
	year = "2010"
}

@unpublished{Goldstein_etal,
	author = "Goldstein, S. and Lebowitz, J. L. and Tumulka, R. and Zangh{\`i}, N.",
	note = "arXiv:1003.2129",
	title = "{Long-time behavior of macroscopic quantum systems: {C}ommentary accompanying the {E}nglish translation of {J}ohn von {N}eu\-mann's 1929 article on the quantum ergodic theorem}"
}

@article{Golestanian12,
	author = "Golestanian, R.",
	doi = "10.1103/PhysRevLett.108.038303",
	journal = "Phys. Rev. Lett.",
	pages = "038303",
	title = "{Collective Behavior of Thermally Active Colloids}",
	volume = "108",
	year = "2012"
}

@article{GongDuan13,
	author = "Gong, Z.-X. and Duan, L.-M.",
	doi = "10.1088/1367-2630/15/11/113051",
	journal = "New J. Phys.",
	pages = "113051",
	title = "{Prethermalization and dynamic phase transition in an isolated trapped ion spin chain}",
	volume = "15",
	year = "2013"
}

PTkey = 	 {},

OPTmonth = 	 {},

OPTyear = 	 {},

OPTannote = 	 {}
}

@article{GongFossFeigMichalakisGorshkov14,
	author = "Gong, Z.-X. and Foss-Feig, M. and Michalakis, S. and Gorshkov, A. V.",
	doi = "10.1103/PhysRevLett.113.030602",
	journal = "Phys. Rev. Lett.",
	pages = "030602",
	title = "{Persistence of Locality in Systems with Power-Law Interactions}",
	volume = "113",
	year = "2014"
}

@article{Gries_etal05,
	author = "Griesmaier, A. and Werner, J. and Hensler, S. and Stuhler, J. and Pfau, T.",
	journal = "Phys. Rev. Lett.",
	pages = "160401(1--4)",
	title = "{Bose-{E}instein Condensation of Chromium}",
	volume = "94",
	year = "2005"
}

@incollection{Griffiths,
	author = "Griffiths, R. B.",
	booktitle = "{Phase Transitions and Critical Phenomena}",
	editor = "Domb, C. and Green, M. S.",
	optchapter = "2",
	publisher = "Academic Press, London",
	title = "{Rigorous Results and Theorems}",
	volume = "1",
	year = "1972"
}

@article{Griffiths64,
	author = "Griffiths, R. B.",
	journal = "Phys. Rev.",
	pages = "A437--A439",
	title = "{{P}eierls proof of spontaneous magnetization in a two-dimensional {I}sing ferromagnet}",
	volume = "136",
	year = "1964"
}

@article{Gri_etal02,
	author = "Grigera, T. S. and Cavagna, A. and Giardina, I. and Parisi, G.",
	journal = "Phys. Rev. Lett.",
	pages = "055502",
	title = "{Geometric approach to the dynamic glass transition}",
	volume = "88",
	year = "2002"
}

@article{Gring_etal12,
	author = "Gring, M. and Kuhnert, M. and Langen, T. and Kitagawa, T. and Rauer, B. and Schreitl, M. and Mazets, I. and Smith, D. A. and Demler, E. and Schmiedmayer, J.",
	journal = "Science",
	pages = "1318--1322",
	title = "{Relaxation and Prethermalization in an Isolated Quantum System}",
	volume = "337",
	year = "2012"
}

@article{GriMo04,
	author = "Grinza, P. and Mossa, A.",
	journal = "Phys. Rev. Lett.",
	pages = "158102",
	title = "{Topological origin of the phase transition in a model of {DNA} denaturation}",
	volume = "92",
	year = "2004"
}

@book{Gross,
	author = "Gross, D. H. E.",
	publisher = "World Scientific",
	title = "{Microcanonical Thermodynamics: Phase Transitions in 'Small' Systems}",
	year = "2001"
}

@article{GrossHolt96,
	author = "Grossmann, S. and Holthaus, M.",
	journal = "Phys. Rev. E",
	pages = "3495--3498",
	title = "{Microcanonical fluctuations of a {B}ose system's ground state occupation number}",
	volume = "54",
	year = "1996"
}

@article{HuPleim02,
	author = "H{\"u}ller, A. and Pleimling, M.",
	journal = "Int. J. Mod. Phys. C",
	pages = "947--956",
	title = "{Microcanonical determination of the order parameter critical exponent}",
	volume = "13",
	year = "2002"
}

@article{HaKa06,
	author = "Hahn, I. and Kastner, M.",
	journal = "Eur. Phys. J. B",
	pages = "311--314",
	title = "{Application of large deviation theory to the mean-field $\varphi^4$-model}",
	volume = "50",
	year = "2006"
}

@article{HaKa05,
	author = "Hahn, I. and Kastner, M.",
	journal = "Phys. Rev. E",
	pages = "056134",
	title = "{The mean-field $\varphi^4$ model: {E}ntropy, analyticity, and configuration space topology}",
	volume = "72",
	year = "2005"
}

@article{Hastings04,
	author = "Hastings, M. B.",
	doi = "10.1103/PhysRevB.69.104431",
	journal = "Phys. Rev. B",
	pages = "104431",
	title = "{Lieb-Schultz-Mattis in higher dimensions}",
	volume = "69",
	year = "2004"
}

@article{HastingsKoma06,
	author = "Hastings, M. B. and Koma, T.",
	doi = "10.1007/s00220-006-0030-4",
	journal = "Commun. Math. Phys.",
	pages = "781--804",
	title = "{Spectral Gap and Exponential Decay of Correlations}",
	volume = "265",
	year = "2006"
}

@article{HaukeTagliacozzo13,
	author = "Hauke, P. and Tagliacozzo, L.",
	doi = "10.1103/PhysRevLett.111.207202",
	journal = "Phys. Rev. Lett.",
	pages = "207202",
	title = "{Spread of correlations in long-range interacting systems}",
	volume = "111",
	year = "2013"
}

@article{Hazzard_etal13,
	author = "Hazzard, K. R. A. and Manmana, S. R. and Foss-Feig, M. and Rey, A. M.",
	doi = "10.1103/PhysRevLett.110.075301",
	journal = "Phys. Rev. Lett.",
	pages = "075301",
	title = "{Far-from-Equilibrium Quantum Magnetism with Ultracold Polar Molecules}",
	volume = "110",
	year = "2013"
}

@unpublished{Hazzard_etal,
	archiveprefix = "arXiv",
	author = "Hazzard, K. R. A. and van den Worm, M. and Foss-Feig, M. and Manmana, S. R. and {Dalla Torre}, E. and Pfau, T. and Kastner, M. and Rey, A. M.",
	eprint = "1406.0937",
	title = "{Quantum correlations and entanglement in far-from-equilibrium spin systems}"
}

@article{Hazzard_etal14,
	author = "Hazzard, K. R. A. and van den Worm, M. and Foss-Feig, M. and Manmana, S. R. and {Dalla Torre}, E. and Pfau, T. and Kastner, M. and Rey, A. M.",
	doi = "10.1103/PhysRevA.90.063622",
	journal = "Phys. Rev. A",
	optkey = "",
	optmonth = "",
	optnote = "",
	optnumber = "",
	pages = "063622",
	title = "{Quantum correlations and entanglement in far-from-equilibrium spin systems}",
	volume = "90",
	year = "2014"
}

@article{HilDun06,
	author = "Hilbert, S. and Dunkel, J.",
	journal = "Phys. Rev. E",
	pages = "011120",
	title = "{Nonanalytic microscopic phase transitions and temperature oscillations in the microcanonical ensemble: {A}n exactly solvable one-dimensional model for evaporation}",
	volume = "74",
	year = "2006"
}

@book{Hirsch,
	author = "Hirsch, M. W.",
	publisher = "Springer",
	title = "{Differential Topology}",
	year = "1976"
}

@article{Hofferberth_etal07,
	author = "Hofferberth, S. and Lesanovsky, I. and Fischer, B. and Schumm, T. and Schmiedmayer, J.",
	journal = "Nature (London)",
	pages = "324--327",
	title = "{Non-equilibrium coherence dynamics in one-dimensional {B}ose gases}",
	volume = "449",
	year = "2007"
}

@book{Hollander,
	author = "den Hollander, F.",
	publisher = "American Mathematical Society, Providence, Rhode Island",
	title = "{Large Deviations}",
	year = "2000"
}

@article{vanHove50,
	author = "van Hove, L.",
	journal = "Physica",
	pages = "137--143",
	title = "{Sur l'integrale de configuration pour les syst{\`e}mes de particules {\'a} une dimension}",
	volume = "16",
	year = "1950"
}

@article{Hubbard59,
	author = "Hubbard, J.",
	journal = "Phys. Rev. Lett.",
	pages = "77--78",
	title = "{Calculation of partition functions}",
	volume = "3",
	year = "1959"
}

@article{Frequency,
	author = "Huelga, S. F. and Macchiavello, C. and Pellizzari, T. and Ekert, A. K. and Plenio, M. B. and Cirac, J. I.",
	doi = "10.1103/PhysRevLett.79.3865",
	journal = "Phys. Rev. Lett.",
	pages = "3865--3868",
	title = "{Improvement of Frequency Standards with Quantum Entanglement}",
	volume = "79",
	year = "1997"
}

@article{Ising25,
	author = "Ising, E.",
	journal = "Z. Phys.",
	pages = "253--258",
	title = "{{B}eitrag zur {T}heorie des {F}erromagnetismus}",
	volume = "31",
	year = "1925"
}

@article{Islam_etal11,
	author = "Islam, R. and Edwards, E. E. and Kim, K. and Korenblit, S. and Noh, C. and Carmichael, H. and Lin, G.-D. and Duan, L.-M. and Wang, C.-C. Joseph and Freericks, J.K. and Monroe, C.",
	doi = "10.1038/ncomms1374",
	journal = "Nat. Commun.",
	pages = "377",
	title = "{Onset of a quantum phase transition with a trapped ion quantum simulator}",
	volume = "2",
	year = "2011"
}

@article{Islam_etal13,
	author = "Islam, R. and Senko, C. and Campbell, W. C. and Korenblit, S. and Smith, J. and Lee, A. and Edwards, E. E. and Wang, C.-C. J. and Freericks, J. K. and Monroe, C.",
	doi = "10.1126/science.1232296",
	journal = "Science",
	pages = "583--587",
	title = "{Emergence and Frustration of Magnetism with Variable-Range Interactions in a Quantum Simulator}",
	volume = "340",
	year = "2013"
}

@unpublished{Juenemann_etal,
	archiveprefix = "arXiv",
	author = "J{\"u}nemann, J. and Cadarso, A. and Perez-Garcia, D. and Bermudez, A. and Garcia-Ripoll, J. J.",
	eprint = "1307.1992",
	title = "{{L}ieb-{R}obinson bounds for spin-boson lattice models and trapped ions}"
}

@incollection{Joyce,
	author = "Joyce, G. S.",
	booktitle = "{Phase Transitions and Critical Phenomena}",
	editor = "Domb, C. and Green, M. S.",
	publisher = "Academic Press",
	title = "{Critical properties of the spherical model}",
	volume = "2",
	year = "1972"
}

@article{JoyceWorrakitpoonpon10,
	author = "Joyce, M. and Worrakitpoonpon, T.",
	doi = "10.1088/1742-5468/2010/10/P10012",
	journal = "J. Stat. Mech.",
	pages = "P10012",
	title = "{Relaxation to thermal equilibrium in the self-gravitating sheet model}",
	volume = "2010",
	year = "2010"
}

@article{Jurcevic_etal14,
	author = "Jurcevic, P. and Lanyon, B. P. and Hauke, P. and Hempel, C. and Zoller, P. and Blatt, R. and Roos, C. F.",
	doi = "10.1038/nature13461",
	journal = "Nature (London)",
	pages = "202--205",
	title = "{Quasiparticle engineering and entanglement propagation in a quantum many-body system}",
	volume = "511",
	year = "2014"
}

@book{Kuehnel,
	author = "K{\"u}hnel, W.",
	publisher = "American Mathematical Society",
	title = "{Differential Geometry: {C}urves -- Surfaces -- Manifolds}",
	year = "2002"
}

@article{Kadanoff66,
	author = "Kadanoff, L.P.",
	journal = "Physics",
	pages = "263--272",
	title = "{Scaling laws for {I}sing models near ${T}_c$}",
	volume = "2",
	year = "1966"
}

@article{Kastner12,
	author = "Kastner, M.",
	doi = "10.2478/s11534-011-0122-4",
	journal = "Central Eur. J. Phys.",
	pages = "637--644",
	title = "{Long-time asymptotics of the long-range {E}mch-{R}adin model}",
	volume = "10",
	year = "2012"
}

@article{Kastner11,
	author = "Kastner, M.",
	doi = "10.1103/PhysRevLett.106.130601",
	journal = "Phys. Rev. Lett",
	pages = "130601",
	title = "{Diverging equilibration times in long-range quantum spin models}",
	volume = "106",
	year = "2011"
}

@article{Kastner10,
	author = "Kastner, M.",
	doi = "10.1103/PhysRevLett.104.240403",
	journal = "Phys. Rev. Lett.",
	pages = "240403",
	title = "{Nonequivalence of ensembles for long-range quantum spin systems in optical lattices}",
	volume = "104",
	year = "2010"
}

@article{KastnerJSTAT10,
	author = "Kastner, M.",
	doi = "10.1088/1742-5468/2010/07/P07006",
	journal = "J. Stat. Mech.",
	pages = "P07006",
	title = "{Nonequivalence of ensembles in the {C}urie-{W}eiss anisotropic quantum {H}eisenberg model}",
	volume = "2010",
	year = "2010"
}

@article{Kastner09,
	author = "Kastner, M.",
	journal = "J. Stat. Mech.",
	pages = "P12007(1--15)",
	title = "{Microcanonical entropy of the spherical model with nearest-neighbour interactions}",
	volume = "2009",
	year = "2009"
}

@article{Kastner08,
	author = "Kastner, M.",
	journal = "Rev. Mod. Phys.",
	pages = "167--187",
	title = "{Phase transitions and configuration space topology}",
	volume = "80",
	year = "2008"
}

@article{Kastner06,
	author = "Kastner, M.",
	journal = "Physica A",
	pages = "447--454",
	title = "{Topological approach to phase transitions and inequivalence of statistical ensembles}",
	volume = "359",
	year = "2006"
}

@article{Kastner206,
	author = "Kastner, M.",
	journal = "Physica A",
	pages = "128--131",
	title = "{When topology triggers a phase transition}",
	volume = "365",
	year = "2006"
}

@article{Kastner04,
	author = "Kastner, M.",
	journal = "Phys. Rev. Lett.",
	pages = "150601",
	title = "{Unattainability of a purely topological criterion for the existence of a phase transition for non-confining potentials}",
	volume = "93",
	year = "2004"
}

@article{KastnerDB104,
	author = "Kastner, M.",
	journal = "Phys. Rev. Lett.",
	pages = "104301",
	title = "{Energy thresholds for discrete breathers}",
	volume = "92",
	year = "2004"
}

@article{KastnerDB204,
	author = "Kastner, M.",
	journal = "Nonlinearity",
	pages = "1923--1939",
	title = "{Dimension dependent energy thresholds for discrete breathers}",
	volume = "17",
	year = "2004"
}

@article{Kastner02,
	author = "Kastner, M.",
	journal = "J. Stat. Phys.",
	pages = "133--142",
	title = "{Existence and order of the phase transition of the {I}sing model with fixed magnetization}",
	volume = "109",
	year = "2002"
}

@book{KastnerDiss,
	author = "Kastner, M.",
	publisher = "Shaker, Aachen",
	title = "{Critical phenomena in the entropy formalism and microcanonical finite-size scaling}",
	year = "2000"
}

@unpublished{KastnerVdWorm,
	archiveprefix = "arXiv",
	author = "Kastner, M. and van den Worm, M.",
	eprint = "1403.4187",
	title = "{Relaxation timescales and prethermalisation in $d$-dimensional long-range quantum spin models}"
}

@article{KaMuPro00,
	author = "Kastner, M. and Mu{\~n}oz, J. D. and Promberger, M.",
	journal = "Phys. Rev. E",
	pages = "7422--7429",
	title = "{Broad histogram method: {E}xtension and efficiency test}",
	volume = "62",
	year = "2000"
}

@article{KaPlei09,
	author = "Kastner, M. and Pleimling, M.",
	journal = "Phys. Rev. Lett.",
	pages = "240604(1--4)",
	title = "{Microcanonical phase diagrams of short-range ferromagnets}",
	volume = "102",
	year = "2009"
}

@article{KaPro01,
	author = "Kastner, M. and Promberger, M.",
	journal = "J. Stat. Phys.",
	pages = "893--902",
	title = "{Consistency of microcanonical and canonical finite-size scaling}",
	volume = "103",
	year = "2001"
}

@inproceedings{KaProHue99,
	author = "Kastner, M. and Promberger, M. and H{\"u}ller, A.",
	booktitle = "{Computer simulational studies in condensed matter physics}",
	editor = "Landau, D. P. and Sch{\"u}ttler, H.-B.",
	pages = "161--165",
	publisher = "Springer",
	title = "{Magnetic properties of finite 3$d$ {I}sing systems: {A} microcanonical approach}",
	volume = "XI",
	year = "1999"
}

@article{KaProHue00,
	author = "Kastner, M. and Promberger, M. and H{\"u}ller, A.",
	journal = "J. Stat. Phys.",
	pages = "1251--1264",
	title = "{Microcanonical finite-size scaling}",
	volume = "99",
	year = "2000"
}

@article{KaSchne08,
	author = "Kastner, M. and Schnetz, O.",
	journal = "Phys. Rev. Lett.",
	pages = "160601",
	title = "{Phase transitions induced by saddle points of vanishing curvature}",
	volume = "100",
	year = "2008"
}

@article{KaSchne06,
	author = "Kastner, M. and Schnetz, O.",
	journal = "J. Stat. Phys.",
	pages = "1195--1214",
	title = "{On the mean-field spherical model}",
	volume = "122",
	year = "2006"
}

@article{KaSchneSchrei08,
	author = "Kastner, M. and Schnetz, O. and Schreiber, S.",
	journal = "J. Stat. Mech. Theory Exp.",
	pages = "P04025",
	title = "{Nonanalyticities of the entropy induced by saddle points of the potential energy landscape}",
	volume = "2008",
	year = "2008"
}

@article{KaSchneSchrei07,
	author = "Kastner, M. and Schreiber, S. and Schnetz, O.",
	journal = "Phys. Rev. Lett.",
	pages = "050601",
	title = "{Phase transitions from saddles of the potential energy landscape}",
	volume = "99",
	year = "2007"
}

@article{KaSep05,
	author = "Kastner, M. and Sepulchre, J.-A.",
	journal = "Discrete Contin. Dynam. Systems B",
	pages = "719--734",
	title = "{Effective Hamiltonian for traveling discrete breathers in the {FPU} chain}",
	volume = "5",
	year = "2005"
}

@article{Kaufman49,
	author = "Kaufman, B.",
	journal = "Phys. Rev.",
	pages = "1232--1243",
	title = "{Crystal statistics {II}: {P}artition function evaluated by spinor analysis}",
	volume = "76",
	year = "1949"
}

@article{Kibble79,
	author = "Kibble, T. W. B.",
	journal = "Commun. Math. Phys.",
	pages = "189--201",
	title = "{Geometrization of Quantum Mechanics}",
	volume = "65",
	year = "1979"
}

@article{Kim_etal09,
	author = "Kim, K. and Chang, M.-S. and Islam, R. and Korenblit, S. and Duan, L.-M. and Monroe, C.",
	journal = "Phys. Rev. Lett.",
	pages = "120502",
	title = "{Entanglement and Tunable Spin--Spin Couplings between Trapped Ions Using Multiple Transverse Modes}",
	volume = "103",
	year = "2009"
}

@article{Kinoshita_etal06,
	author = "Kinoshita, T. and Wenger, T. and Weiss, D. S.",
	journal = "Nature (London)",
	pages = "900--903",
	title = "{A quantum {N}ewton's cradle}",
	volume = "440",
	year = "2006"
}

@incollection{KlieschGogolinEisert14,
	author = "Kliesch, M. and Gogolin, C. and Eisert, J.",
	booktitle = "{Many-Electron Approaches in Physics, Chemistry and Mathematics}",
	editor = "Site, L. D. and Bach, V.",
	optseries = "Mathematical Physics Studies",
	pages = "301--318",
	publisher = "Springer, Berlin",
	title = "{{L}ieb-{R}obinson bounds and the simulation of time evolution of local observables in lattice systems}",
	year = "2014"
}

@article{KoffelLewensteinTagliacozzo12,
	author = "Koffel, T. and Lewenstein, M. and Tagliacozzo, L.",
	doi = "10.1103/PhysRevLett.109.267203",
	journal = "Phys. Rev. Lett",
	pages = "267203",
	title = "{Entanglement Entropy for the Long-Range {I}sing Chain in a Transverse Field}",
	volume = "109",
	year = "2012"
}

@article{Korenblit_etal12,
	author = "Korenblit, S. and Kafri, D. and Campbell, W. C. and Islam, R. and Edwards, E. E. and Gong, Z.-X. and Lin, G.-D. and Duan, L.-M. and Kim, J. and Kim, K. and Monroe, C.",
	doi = "10.1088/1367-2630/14/9/095024",
	journal = "New J. Phys.",
	pages = "095024",
	title = "{Quantum simulation of spin models on an arbitrary lattice with trapped ions}",
	volume = "14",
	year = "2012"
}

@misc{Kramers37,
	author = "Kramers, H. A.",
	howpublished = "Van der Waals centennary congress, Amsterdam",
	year = "1937"
}

@article{KraWan41,
	author = "Kramers, H. A. and Wannier, G. H.",
	journal = "Phys. Rev.",
	pages = "252--262",
	title = "{Statistics of the two-dimensional ferromagnet. {P}art {I}}",
	volume = "60",
	year = "1941"
}

@article{Kollath08,
	author = "Laeuchli, A. and Kollath, C.",
	doi = "10.1088/1742-5468/2008/05/P05018",
	journal = "J. Stat. Mech.",
	pages = "P05018",
	title = "{Spreading of correlations and entanglement after a quench in the one-dimensional {B}ose-{H}ubbard model}",
	year = "2008"
}

@unpublished{Labuhn,
	archiveprefix = "arXiv",
	author = "Labuhn, Henning and Barredo, Daniel and Ravets, Sylvain and de L{\'e}s{\'e}leuc, Sylvain and Macr\`\i, Tommaso and Lahaye, Thierry and Browaeys, Antoine",
	eprint = "1509.04543",
	title = "{A highly-tunable quantum simulator of spin systems using two-dimensional arrays of single {R}ydberg atoms}"
}

@article{Lahaye_etal09,
	author = "Lahaye, T. and Menotti, C. and Santos, L. and Lewenstein, M. and Pfau, T.",
	doi = "10.1088/0034-4885/72/12/126401",
	journal = "Rep. Prog. Phys.",
	pages = "126401",
	title = "{The physics of dipolar bosonic quantum gases}",
	volume = "72",
	year = "2009"
}

@incollection{Lanford73,
	author = "Lanford, O. E.",
	booktitle = "{Statistical Mechanics and Mathematical Problems}",
	editor = "Lenard, A.",
	pages = "1--113",
	publisher = "Springer",
	series = "{Lecture Notes in Physics}",
	title = "{Entropy and equilibrium states in classical statistical mechanics}",
	volume = "20",
	year = "1973"
}

@article{Langen_etal13,
	author = "Langen, T. and Geiger, R. and Kuhnert, M. and Rauer, B. and Schmiedmayer, J.",
	doi = "10.1038/nphys2739",
	journal = "Nat. Phys.",
	pages = "640--643",
	title = "{Local emergence of thermal correlations in an isolated quantum many-body system}",
	volume = "9",
	year = "2013"
}

@article{Lanyon_etal11,
	author = "Lanyon, B. P. and Hempel, C. and Nigg, D. and M{\"u}ller, M. and Gerritsma, R. and Z{\"a}hringer, F. and Schindler, P. and Barreiro, J. T. and Rambach, M. and Kirchmair, G. and Hennrich, M. and Zoller, P. and Blatt, R. and Roos, C. F.",
	journal = "Science",
	pages = "57--61",
	title = "{Universal Digital Quantum Simulation with Trapped Ions}",
	volume = "334",
	year = "2011"
}

@article{LatoraBaranger99,
	author = "Latora, Vito and Baranger, Michel",
	doi = "10.1103/PhysRevLett.82.520",
	issue = "3",
	journal = "Phys. Rev. Lett.",
	month = "Jan",
	pages = "520--523",
	publisher = "American Physical Society",
	title = "{Kolmogorov-Sinai Entropy Rate versus Physical Entropy}",
	volume = "82",
	year = "1999"
}

@article{LaRaRu99,
	author = "Latora, V. and Rapisarda, A. and Ruffo, S.",
	journal = "Phys. Rev. Lett.",
	pages = "2104",
	title = "{Superdiffusion and out of equilibrium chaotic dynamics with many degrees of freedom}",
	volume = "83",
	year = "1999"
}

@article{LatoraRapisardaTsallis01,
	author = "Latora, V. and Rapisarda, A. and Tsallis, C.",
	doi = "10.1103/PhysRevE.64.056134",
	journal = "Phys. Rev. E",
	pages = "056134",
	title = "{Non-{G}aussian equilibrium in a long-range {H}amiltonian system}",
	volume = "64",
	year = "2001"
}

@article{Lebowitz99,
	author = "Lebowitz, J. L.",
	journal = "Rev. Mod. Phys.",
	pages = "S346--S357",
	title = "{Statistical mechanics: {A} selective review of two central issues}",
	volume = "71",
	year = "1999"
}

@article{LechtenbergAnders14,
	author = "Lechtenberg, B. and Anders, F. B.",
	doi = "10.1103/PhysRevB.90.045117",
	journal = "Phys. Rev. B",
	optkey = "",
	optmonth = "",
	optnote = "",
	optnumber = "",
	pages = "045117",
	title = "{Spatial and temporal propagation of {K}ondo correlations}",
	volume = "90",
	year = "2014"
}

@article{LeeYangI52,
	author = "Lee, T. D. and Yang, C. N.",
	journal = "Phys. Rev.",
	pages = "404--409",
	title = "{Statistical theory of equations of state and phase transitions. {I}. {T}heory of condensation}",
	volume = "87",
	year = "1952"
}

@article{LeeYangII52,
	author = "Lee, T. D. and Yang, C. N.",
	journal = "Phys. Rev.",
	pages = "410--419",
	title = "{Statistical theory of equations of state and phase transitions. {II}. {L}attice gas and {I}sing model}",
	volume = "87",
	year = "1952"
}

@book{Lesne,
	author = "Lesne, A.",
	publisher = "John Wiley \& Sons",
	title = "{Renormalization Methods: {C}ritical Phenomena, Chaos, Fractal Structures}",
	year = "1998"
}

@article{LiebRobinson72,
	author = "Lieb, E. H. and Robinson, D. W.",
	doi = "10.1007/BF01645779",
	journal = "Commun. Math. Phys.",
	pages = "251--257",
	title = "{The Finite Group Velocity of Quantum Spin Systems}",
	volume = "28",
	year = "1972"
}

@article{Linden_etal09,
	author = "Linden, N. and Popescu, S. and Short, A. J. and Winter, A.",
	doi = "10.1103/PhysRevE.79.061103",
	journal = "Phys. Rev. E",
	month = "Jun",
	number = "6",
	numpages = "12",
	pages = "061103",
	publisher = "American Physical Society",
	title = "{Quantum mechanical evolution towards thermal equilibrium}",
	volume = "79",
	year = "2009"
}

@article{Lobos2013,
	annote = "They consider a hubbard model with power law hopping in the strong interaction limit. In this limit they find a luttinger liquid stationary point. For values of $\backslash$alpha greater than some critical value the system can the be described as a luttinger liquid. While for values of $\backslash$alpha less that the critical point they have a superconductor. In the strong coupling limit they can map the hubbard model to a XXZ spin chain with frustration in the z-direction. Possible ways in which to contribute: (1) Find the spectrum of this model (2) What happens in the oppisite regime? (3) Can we find some kind of phase diagram?",
	author = "Lobos, Alejandro M. and Tezuka, Masaki and Garc{\'i}a-Garc{\'i}a, Antonio M.",
	doi = "10.1103/PhysRevB.88.134506",
	file = ":home/mauritz/Documents/Mendeley Desktop/Lobos, Tezuka, Garc{\'i}a-Garc{\'i}a/Physical Review B/Lobos, Tezuka, Garc{\'i}a-Garc{\'i}a - 2013 - Restoring phase coherence in a one-dimensional superconductor using power-law electron hopping.pdf:pdf",
	issn = "1098-0121",
	journal = "Phys. Rev. B",
	month = oct,
	number = "13",
	owner = "mauritz",
	pages = "134506",
	timestamp = "2014.12.04",
	title = "{Restoring phase coherence in a one-dimensional superconductor using power-law electron hopping}",
	url = "http://link.aps.org/doi/10.1103/PhysRevB.88.134506",
	volume = "88",
	year = "2013"
}

@article{LoweNorberg57,
	author = "Lowe, I. J. and Norberg, R. E.",
	journal = "Phys. Rev.",
	pages = "46--61",
	title = "{Free-induction decays in solids}",
	volume = "107",
	year = "1957"
}

@article{LynWood68,
	author = "Lynden-Bell, D. and Wood, R.",
	journal = "Mon. Not. R. Astron. Soc.",
	pages = "495--525",
	title = "{The gravo-thermal catastrophe in isothermal spheres and the onset of red-giant structure for stellar systems}",
	volume = "138",
	year = "1968"
}

@article{MuelSel99,
	author = "M{\"u}ller, T. and Selke, W.",
	journal = "Eur. Phys. J. B",
	pages = "549--553",
	title = "{Stability and diffusion of surface clusters}",
	volume = "10",
	year = "1999"
}

@article{MaKey93,
	author = "Madan, B. and Keyes, T.",
	journal = "J. Chem. Phys.",
	pages = "3342--3350",
	title = "{Unstable modes in liquids density of states, potential energy, and heat capacity}",
	volume = "98",
	year = "1993"
}

@book{MaObSo,
	author = "Magnus, W. and Oberhettinger, F. and Soni, R. P.",
	publisher = "Springer",
	title = "{Formulas and Theorems for the Special Functions of Mathematical Physics}",
	year = "1966"
}

@article{Maik_etal12,
	author = "Maik, M. and Hauke, P. and Dutta, O. and Zakrzewski, J. and Lewenstein, M.",
	doi = "10.1088/1367-2630/14/11/113006",
	journal = "New J. Phys.",
	pages = "113006",
	title = "{Quantum spin models with long-range interactions and tunnelings: a quantum Monte Carlo study}",
	volume = "14",
	year = "2012"
}

@misc{ManmanaPrivateCommun,
	author = "Manmana, S. R.",
	note = "{p}rivate communication"
}

@article{Marchioro_etal78,
	author = "Marchioro, C. and Pellegrinotti, A. and Pulvirenti, M. and Triolo, L.",
	doi = "10.1007/BF01011695",
	journal = "J. Stat. Phys.",
	pages = "499--510",
	title = "{Velocity of a perturbation in infinite lattice systems}",
	volume = "19",
	year = "1978"
}

@inbook{MarsRa,
	author = "Marsden, J. E. and Ratiu, T. S.",
	chapter = "7.5",
	publisher = "Springer",
	title = "{Introduction to Mechanics and Symmetry}",
	year = "1994"
}

@article{MatMat56,
	author = "Matsubara, T. and Matsuda, H.",
	journal = "Prog. Theor. Phys.",
	pages = "569--582",
	title = "{A lattice model of liquid helium, {I}}",
	volume = "16",
	year = "1956"
}

@book{Matsumoto,
	author = "Matsumoto, Y.",
	publisher = "American Mathematical Society",
	series = "{Translations of Mathematical Monographs}",
	title = "{An Introduction to Morse Theory}",
	volume = "208",
	year = "2002"
}

@article{MazetsSchmiedmayer10,
	author = "Mazets, I. E. and Schmiedmayer, J.",
	journal = "New J. Phys.",
	pages = "055023",
	title = "{Thermalization in a quasi-one-dimensional ultracold bosonic gas}",
	volume = "12",
	year = "2010"
}

@article{MazCa06,
	author = "Mazzoni, L. N. and Casetti, L.",
	journal = "Phys. Rev. Lett.",
	pages = "218104",
	title = "{Curvature of the energy landscape and folding of model proteins}",
	volume = "97",
	year = "2006"
}

@article{McLachlanAtela92,
	author = "McLachlan, R. I. and Atela, P.",
	doi = "10.1088/0951-7715/5/2/011",
	journal = "Nonlinearity",
	pages = "541--562",
	title = "{The accuracy of symplectic integrators}",
	volume = "5",
	year = "1992"
}

@article{MedvedyevaHoffmannKehrein13,
	author = "Medvedyeva, M. and Hoffmann, A. and Kehrein, S.",
	doi = "10.1103/PhysRevB.88.094306",
	journal = "Phys. Rev. B",
	optkey = "",
	optmonth = "",
	optnote = "",
	optnumber = "",
	pages = "094306",
	title = "{Spatiotemporal buildup of the {K}ondo screening cloud}",
	volume = "88",
	year = "2013"
}

@article{MerminWagner66,
	author = "Mermin, N. D. and Wagner, H.",
	doi = "10.1103/PhysRevLett.17.1133",
	journal = "Phys. Rev. Lett.",
	pages = "1133--1136",
	title = "{Absence of ferromagnetism or antiferromagnetism in one- or two-dimensional isotropic {H}eisenberg models}",
	volume = "17",
	year = "1966"
}

@article{MetivierBachelardKastner14,
	author = "M{\'e}tivier, D. and Bachelard, R. and Kastner, M.",
	doi = "10.1103/PhysRevLett.112.210601",
	journal = "Phys. Rev. Lett.",
	optkey = "",
	optmonth = "",
	optnote = "",
	optnumber = "",
	pages = "210601",
	title = "{Spreading of Perturbations in Long-Range Interacting Classical Lattice Models}",
	volume = "112",
	year = "2014"
}

@article{Micheli_etal06,
	author = "Micheli, A. and Brennen, G. K. and Zoller, P.",
	doi = "10.1038/nphys287",
	journal = "Nature Phys.",
	optmonth = "May",
	pages = "341--347",
	title = "{A toolbox for lattice-spin models with polar molecules}",
	volume = "2",
	year = "2006"
}

@book{Miller,
	author = "Miller, P. D.",
	publisher = "American Mathematical Society, Providence",
	series = "{Graduate Studies in Mathematics}",
	title = "{Applied Asymptotic Analysis}",
	volume = "75",
	year = "2006"
}

@book{Milnor,
	author = "Milnor, J.",
	publisher = "Princeton University Press",
	series = "{Annals of Mathematical Studies}",
	title = "{Morse Theory}",
	volume = "51",
	year = "1963"
}

@article{Miloshevich_etal13,
	author = "Miloshevich, G. and Dauxois, T. and Khomeriki, R. and Ruffo, S.",
	doi = "10.1209/0295-5075/104/17011",
	journal = "Europhys. Lett.",
	pages = "17011",
	title = "{Dipolar needles in the microcanonical ensemble: Evidence of spontaneous magnetization and ergodicity breaking}",
	volume = "104",
	year = "2013"
}

@article{MintertWunderlich01,
	author = "Mintert, F. and Wunderlich, C.",
	journal = "Phys. Rev. Lett.",
	pages = "257904",
	title = "{Ion-Trap Quantum Logic Using Long-Wavelength Radiation}",
	volume = "87",
	year = "2001"
}

@article{MoeckelKehrein08,
	author = "Moeckel, M. and Kehrein, S.",
	journal = "Phys. Rev. Lett.",
	pages = "175702",
	title = "{Interaction quench in the {H}ubbard model}",
	volume = "100",
	year = "2008"
}

@article{MolerVanLoan03,
	author = "Moler, C. and {van Loan}, C.",
	doi = "10.1137/S00361445024180",
	journal = "SIAM Rev.",
	pages = "3--49",
	title = "{Nineteen Dubious Ways to Compute the Exponential of a Matrix, Twenty-Five Years Later}",
	volume = "45",
	year = "2003"
}

@article{NachtergaeleOgataSims06,
	author = "Nachtergaele, B. and Ogata, Y. and Sims, R.",
	doi = "10.1007/s10955-006-9143-6",
	journal = "J. Stat. Phys.",
	pages = "1--13",
	title = "{Propagation of Correlations in Quantum Lattice Systems}",
	volume = "124",
	year = "2006"
}

@inproceedings{NachtergaeleSims10,
	author = "Nachtergaele, B. and Sims, R.",
	booktitle = "{Entropy and the Quantum}",
	editor = "Sims, R. and Ueltschi, D.",
	optpages = "141--176",
	publisher = "American Mathematical Society, Providence",
	series = "{Contemporary Mathematics}",
	title = "{{L}ieb-{R}obinson Bounds in Quantum Many-Body Physics}",
	volume = "529",
	year = "2010"
}

@article{Nardini_etal12,
	author = "Nardini, C. and Gupta, S. and Ruffo, S. and Dauxois, T. and Bouchet, F.",
	doi = "10.1088/1742-5468/2012/01/L01002",
	journal = "J. Stat. Mech.",
	pages = "L01002",
	title = "{Kinetic theory for non-equilibrium stationary states in long-range interacting systems}",
	volume = "2012",
	year = "2012"
}

@inbook{Nash,
	author = "Nash, C.",
	chapter = "VII",
	publisher = "Academic Press",
	title = "{Differential topology and quantum field theory}",
	year = "1991"
}

@article{vonNeumann29,
	author = "v. Neumann, J.",
	journal = "Z. Phys.",
	pages = "30--70",
	title = "{Beweis des {E}rgodensatzes und des ${H}$-{T}heorems in der neuen {M}echanik}",
	volume = "57",
	year = "1929"
}

@article{NezhadhaghighiRajabpour14,
	author = "{Ghasemi Nezhadhaghighi}, M. and Rajabpour, M. A.",
	doi = "10.1103/PhysRevB.90.205438",
	journal = "Phys. Rev. B",
	optkey = "",
	optmonth = "",
	optnote = "",
	optnumber = "",
	pages = "205438",
	title = "{Entanglement dynamics in short- and long-range harmonic oscillators}",
	volume = "90",
	year = "2014"
}

@article{Ni_etal08,
	author = "Ni, K.-K. and Ospelkaus, S. and de Miranda, M. H. G. and Pe{\rq}er, A. and Neyenhuis, B. and Zirbel, J. J. and Kotochigova, S. and Julienne, P. S. and Jin, D. S. and Ye, J.",
	journal = "Science",
	pages = "231--235",
	title = "{A high phase-space-density gas of polar molecules}",
	volume = "322",
	year = "2008"
}

@article{Niemeyer70,
	author = "Niemeijer, T.",
	journal = "Physica",
	pages = "467--473",
	title = "{On the high-density limit of {H}eisenberg and {I}sing ferromagnets}",
	volume = "48",
	year = "1970"
}

@article{Niss04,
	author = "Niss, M.",
	journal = "Arch. Hist. Exact Sci.",
	pages = "267--318",
	title = "{History of the {L}enz-{I}sing model 1920--1950: {F}rom ferromagnetic to cooperative phenomena}",
	volume = "59",
	year = "2004"
}

@article{ODell_etal00,
	author = "O'Dell, D. and Giovanazzi, S. and Kurizki, G. and Akulin, V. M.",
	doi = "10.1103/PhysRevLett.84.5687",
	journal = "Phys. Rev. Lett.",
	pages = "5687--5690",
	title = "{Bose-{E}instein condensates with 1/r interatomic attraction: electromagnetically induced ``gravity''}",
	volume = "84",
	year = "2000"
}

@article{OldeDaalhuis03,
	author = "{Olde Daalhuis}, A. B.",
	journal = "Anal. Appl. (Singap.)",
	pages = "111--120",
	title = "{Uniform asymptotic expansions for hypergeometric functions with large parameters I}",
	volume = "1",
	year = "2003"
}

@article{Onsager44,
	author = "Onsager, L.",
	journal = "Phys. Rev.",
	pages = "117--149",
	title = "{Crystal statistics. {I}. {A} two-dimensional model with an order-disorder transition}",
	volume = "65",
	year = "1944"
}

@article{OvOn90,
	author = "Ovchinnikov, A. A. and Onischyk, V. A.",
	journal = "Physica A",
	pages = "756--781",
	title = "{A model of structural glass with kinetic deceleration}",
	volume = "167",
	year = "1990"
}

@article{paskauskas2012b,
	author = "R.~Pa\v{s}kauskas",
	journal = "J.\ Phys.\ A:\ Math.\ Theor.",
	optdoi = "doi:10.1088/1751-8113/45/32/325002",
	optmonth = "july",
	opturl = "iopscience.iop.org/1751-8121/45/32/325002",
	pages = "325002",
	title = "{Symmetries of a mean-field spin model}",
	volume = "45",
	year = "2012"
}

@article{PaskauskasKastner12,
	author = "Pa\v{s}kauskas, R. and Kastner, M.",
	doi = "10.1088/1742-5468/2012/02/P02005",
	journal = "J. Stat. Mech.",
	pages = "P02005",
	title = "{Equilibration in long-range quantum spin systems from a {BBGKY} perspective}",
	volume = "2012",
	year = "2012"
}

@article{dePaz_etal13,
	author = "de Paz, A. and Sharma, A. and Chotia, A. and Mar{\'e}chal, E. and Huckans, J. H. and Pedri, P. and Santos, L. and Gorceix, O. and Vernac, L. and Laburthe-Tolra, B.",
	doi = "10.1103/PhysRevLett.111.185305",
	journal = "Phys. Rev. Lett.",
	pages = "185305",
	title = "{Nonequilibrium Quantum Magnetism in a Dipolar Lattice Gas}",
	volume = "111",
	year = "2013"
}

@article{PearceThompson75,
	author = "Pearce, P. A. and Thompson, C. J.",
	journal = "Commun. Math. Phys.",
	pages = "191--201",
	title = "{The anisotropic {H}eisenberg model in the long-range interaction limit}",
	volume = "41",
	year = "1975"
}

@article{Peierls36,
	author = "Peierls, R.",
	journal = "Proc. Camb. Phil. Soc.",
	pages = "477--481",
	title = "{On {I}sing's model of ferromagnetism}",
	volume = "32",
	year = "1936"
}

@book{Pettini,
	author = "Pettini, M.",
	publisher = "Springer",
	series = "{Interdisciplinary Applied Mathematics}",
	title = "{Geometry and Topology in Hamiltonian Dynamics and Statistical Mechanics}",
	volume = "33",
	year = "2007"
}

@article{Pfeuty70,
	author = "Pfeuty, P.",
	doi = "10.1016/0003-4916(70)90270-8",
	journal = "Ann. Phys. (NY)",
	optkey = "",
	optmonth = "",
	optnote = "",
	optnumber = "",
	pages = "79--90",
	title = "{The one-dimensional {I}sing model with a transverse field}",
	volume = "57",
	year = "1970"
}

@article{Pflug80,
	author = "Pflug, A.",
	journal = "Commun. Math. Phys.",
	pages = "83--98",
	title = "{Gravitating fermions in an infinite configuration space}",
	volume = "78",
	year = "1980"
}

@article{PleimHu01,
	author = "Pleimling, M. and H{\"u}ller, A.",
	journal = "J. Stat. Phys.",
	pages = "971--989",
	title = "{Crossing the coexistence line at constant magnetization}",
	volume = "104",
	year = "2001"
}

@article{PluLaRa04,
	author = "Pluchino, A. and Latora, V. and Rapisarda, A.",
	journal = "Phys. Rev. E",
	pages = "056113",
	title = "{Glassy phase in the {H}amiltonian mean field model}",
	volume = "69",
	year = "2004"
}

@article{Polkovnikov_etal11,
	author = "Polkovnikov, A. and Sengupta, K. and Silva, A. and Vengalattore, M.",
	journal = "Rev. Mod. Phys.",
	pages = "863--883",
	title = "{\textit{Colloquium}: Nonequilibrium dynamics of closed interacting quantum systems}",
	volume = "83",
	year = "2011"
}

@article{PorrasCirac04,
	author = "Porras, D. and Cirac, J. I.",
	doi = "10.1103/PhysRevLett.92.207901",
	journal = "Phys. Rev. Lett.",
	pages = "207901",
	title = "{Effective Quantum Spin Systems with Trapped Ions}",
	volume = "92",
	year = "2004"
}

@inproceedings{ProKaHue00,
	author = "Promberger, M. and Kastner, M. and H{\"u}ller, A.",
	booktitle = "{Computer simulational studies in condensed matter physics}",
	editor = "{{D. P.} Landau} and {{S. P.} Lewis} and Sch{\"u}ttler, H.-B.",
	optyear = "2000",
	pages = "185--190",
	publisher = "Springer",
	title = "{Magnetic properties of finite systems: {M}icrocanonical finite-size scaling}",
	volume = "XII"
}

@article{Radin70,
	author = "Radin, C.",
	doi = "10.1063/1.1665079",
	journal = "J. Math. Phys.",
	pages = "2945--2955",
	title = "{Approach to equilibrium in a simple model}",
	volume = "11",
	year = "1970"
}

@article{RajabpourSotiriadis15,
	author = "Rajabpour, M. A. and Sotiriadis, S.",
	doi = "10.1103/PhysRevB.91.045131",
	journal = "Phys. Rev. B",
	optkey = "",
	optmonth = "",
	optnote = "",
	optnumber = "",
	pages = "045131",
	title = "{Quantum quench in long-range field theories}",
	volume = "91",
	year = "2015"
}

@article{RazSims09,
	author = "Raz, H. and Sims, R.",
	doi = "10.1007/s10955-009-9839-5",
	journal = "J. Stat. Phys.",
	pages = "79--108",
	title = "{Estimating the {L}ieb-{R}obinson Velocity for Classical Anharmonic Lattice Systems}",
	volume = "137",
	year = "2009"
}

@article{Reimann08,
	author = "Reimann, P.",
	doi = "10.1103/PhysRevLett.101.190403",
	journal = "Phys. Rev. Lett.",
	month = "Nov",
	number = "19",
	numpages = "4",
	pages = "190403",
	publisher = "American Physical Society",
	title = "{Foundation of Statistical Mechanics under Experimentally Realistic Conditions}",
	volume = "101",
	year = "2008"
}

@article{ReimannKastner12,
	author = "Reimann, P. and Kastner, M.",
	journal = "New J. Phys.",
	pages = "043020",
	title = "{Equilibration of isolated macroscopic quantum systems}",
	volume = "14",
	year = "2012"
}

@article{Relano10,
	author = "Rela{\~n}o, A.",
	journal = "J. Stat. Mech.",
	pages = "P07016",
	title = "{Thermalization in an interacting spin system in the transition from integrability to chaos}",
	volume = "2010",
	year = "2010"
}

@article{RiTeiSta04,
	author = "Ribeiro-Teixeira, A. C. and Stariolo, D. A.",
	journal = "Phys. Rev. E",
	pages = "016113",
	title = "{Topological hypothesis on phase transitions: {T}he simplest case}",
	volume = "70",
	year = "2004"
}

@article{Richerme_etal14,
	author = "Richerme, P. and Gong, Z.-X. and Lee, A. and Senko, C. and Smith, J. and Foss-Feig, M. and Michalakis, S. and Gorshkov, A. V. and Monroe, C.",
	doi = "10.1038/nature13450",
	journal = "Nature (London)",
	pages = "198--201",
	title = "{Non-local propagation of correlations in quantum systems with long-range interactions}",
	volume = "511",
	year = "2014"
}

@article{Rigol09,
	author = "Rigol, M.",
	journal = "Phys. Rev. Lett.",
	pages = "100403",
	title = "{Breakdown of thermalization in finite one-dimensional systems}",
	volume = "103",
	year = "2009"
}

@article{Rigol_etal08,
	author = "Rigol, M. and Dunjko, V. and Olshanii, M.",
	journal = "Nature (London)",
	pages = "854--858",
	title = "{Thermalization and its mechanism for generic isolated quantum systems}",
	volume = "452",
	year = "2008"
}

@article{RiRiSta06,
	author = "Risau-Gusman, S. and Ribeiro-Teixeira, A. C. and Stariolo, D. A.",
	journal = "J. Stat. Phys.",
	pages = "1231--1253",
	title = "{Topology and phase transitions: The case of the short range spherical model}",
	volume = "124",
	year = "2006"
}

@article{RiRiSta05,
	author = "Risau-Gusman, S. and Ribeiro-Teixeira, A. C. and Stariolo, D. A.",
	journal = "Phys. Rev. Lett.",
	pages = "145702",
	title = "{Topology, phase transitions, and the spherical model}",
	volume = "95",
	year = "2005"
}

@book{Rockafellar,
	author = "Rockafellar, R. T.",
	publisher = "Princeton University Press, Princeton",
	title = "{Convex Analysis}",
	year = "1970"
}

@article{DeRoeck_etal06,
	author = "Roeck, W. De and Maes, C. and Neto\v{c}ny, K.",
	journal = "J. Math. Phys.",
	pages = "073303(1--12)",
	title = "{Quantum macrostates, equivalence of ensembles, and an ${H}$-theorem}",
	volume = "47",
	year = "2006"
}

@book{Ruelle,
	author = "Ruelle, D.",
	publisher = "Benjamin, Reading",
	title = "{Statistical Mechanics: {R}igorous Results}",
	year = "1969"
}

@article{Rutkevich92,
	author = "Rutkevich, S. B.",
	journal = "J. Stat. Phys.",
	pages = "827--847",
	title = "{Instantons in spherical model thermodynamics}",
	volume = "66",
	year = "1992"
}

@article{Ellis95,
	author = "S., Ellis R.",
	journal = "Scand. Actuarial J.",
	pages = "97--142",
	title = "{An overview of the theory of large deviations and applications to statistical mechanics}",
	volume = "1",
	year = "1995"
}

@book{Ellis,
	author = "S., Ellis R.",
	publisher = "Springer, New York",
	title = "{Entropy, Large Deviations, and Statistical Mechanics}",
	year = "1985"
}

@article{Schachenmayer_etal13,
	author = "Schachenmayer, J. and Lanyon, B. P. and Roos, C. F. and Daley, A. J.",
	doi = "10.1103/PhysRevX.3.031015",
	journal = "Phys. Rev. X",
	pages = "031015",
	title = "{Entanglement growth in quench dynamics with variable range interactions}",
	volume = "3",
	year = "2013"
}

@article{Schachenmayer_etal15,
	author = "Schachenmayer, J. and Pikovski, A. and Rey, A. M.",
	doi = "10.1103/PhysRevX.5.011022",
	journal = "Phys. Rev. X",
	pages = "011022",
	title = "{Many-Body Quantum Spin Dynamics with {M}onte {C}arlo Trajectories on a Discrete Phase Space}",
	volume = "5",
	year = "2015"
}

@article{Scharf72,
	author = "Scharf, G.",
	journal = "Phys. Lett.",
	pages = "123--124",
	title = "{The {H}eisenberg model in the {W}eiss limit}",
	volume = "38A",
	year = "1972"
}

@article{Schauss_etal12,
	author = "Schau{\ss}, P. and Cheneau, M. and Endres, M. and Fukuhara, T. and Hild, S. and Omran, A. and Pohl, T. and Gross, C. and Kuhr, S. and Bloch, I.",
	doi = "10.1038/nature11596",
	journal = "Nature (London)",
	pages = "87--91",
	title = "{Observation of spatially ordered structures in a two-dimensional Rydberg gas}",
	volume = "491",
	year = "2012"
}

@article{Scherer_etal09,
	author = "Scherer, D. D. and M{\"u}ller, C. A. and Kastner, M.",
	journal = "J. Phys. A: Math. Theoret.",
	pages = "465304(1--17)",
	title = "{Finite-temperature fidelity-metric approach to the {L}ipkin-{M}eshkov-{G}lick model}",
	volume = "42",
	year = "2009"
}

@article{Haberland01,
	author = "Schmidt, M. and Kusche, R. and Hippler, T. and Donges, J. and Kronm{\"u}ller, W. and von Issendorff, B. and Haberland, H.",
	journal = "Phys. Rev. Lett.",
	pages = "1191--1194",
	title = "{Negative Heat Capacity for a Cluster of 147 Sodium Atoms}",
	volume = "86",
	year = "2001"
}

@article{Schollwoeck11,
	author = "Schollw{\"o}ck, U.",
	doi = "10.1016/j.aop.2010.09.012",
	journal = "Ann. Phys. (NY)",
	pages = "96--192",
	title = "{The density-matrix renormalization group in the age of matrix product states}",
	volume = "326",
	year = "2011"
}

@article{ShortFarrelly12,
	author = "Short, A. J. and Farrelly, T. C.",
	journal = "New J. Phys.",
	pages = "013063",
	title = "{Quantum equilibration in finite time}",
	volume = "14",
	year = "2012"
}

@article{Simon_etal11,
	author = "Simon, J. and Bakr, W. S. and Ma, R. and Tai, M. E. and Preiss, P. M. and Greiner, M.",
	doi = "10.1038/nature09994",
	journal = "Nature (London)",
	pages = "307--312",
	title = "{Quantum simulation of antiferromagnetic spin chains in an optical lattice}",
	volume = "472",
	year = "2011"
}

@phdthesis{Spinelli,
	author = "Spinelli, L.",
	school = "Universit{\'e} de Provence",
	title = "{Une approche topologique des transitions de phase}",
	year = "1999"
}

@article{Srednicki94,
	author = "Srednicki, M.",
	journal = "Phys. Rev. E",
	pages = "888--901",
	title = "{Chaos and quantum thermalization}",
	volume = "50",
	year = "1994"
}

@article{StillWe82,
	author = "Stillinger, F. H. and Weber, T. A.",
	journal = "Phys. Rev. A",
	numpages = "11",
	optdoi = "10.1103/PhysRevA.25.978",
	optmonth = "Feb",
	optpublisher = "American Physical Society",
	pages = "978--989",
	title = "{Hidden structure in liquids}",
	volume = "25",
	year = "1982"
}

@article{StorchvandenWormKastner15,
	author = "Storch, D.-M. and {van den Worm}, M. and Kastner, M.",
	doi = "10.1088/1367-2630/17/6/063021",
	journal = "New J. Phys.",
	optkey = "",
	optmonth = "",
	optnote = "",
	optnumber = "",
	pages = "063021",
	title = "{Interplay of soundcone and supersonic propagation in lattice models with power law interactions}",
	volume = "17",
	year = "2015"
}

@article{Stratonovich57,
	author = "Stratonovich, R. L.",
	journal = "Sov. Phys. Doklady",
	pages = "416--419",
	title = "{On a method of calculating quantum distribution functions}",
	volume = "2",
	year = "1958"
}

@article{Struck_etal11,
	author = "Struck, J. and {\"O}lschl{\"a}ger, C. and Targat, R. Le and Soltan-Panahi, P. and Eckardt, A. and Lewenstein, M. and Windpassinger, P. and Sengstock, K.",
	doi = "10.1126/science.1207239",
	journal = "Science",
	pages = "996--999",
	title = "{Quantum Simulation of Frustrated Classical Magnetism in Triangular Optical Lattices}",
	volume = "333",
	year = "2011"
}

@article{BerKac52,
	author = "{{T. H.} Berlin} and Kac, M.",
	journal = "Phys.\ Rev.",
	pages = "821--835",
	title = "{The spherical model of a ferromagnet}",
	volume = "86",
	year = "1952"
}

@inproceedings{Theodorakopoulos03,
	author = "Theodorakopoulos, N.",
	booktitle = "{Localization and Energy Transfer in Nonlinear Systems}",
	editor = "V{\'a}zquez, L. and MacKay, R. S. and Zorzano, M. Paz",
	pages = "130--152",
	publisher = "World Scientific",
	title = "{Phase transitions in homogeneous biopolymers: {B}asic concepts and methods}",
	year = "2003"
}

@article{Thirring70,
	author = "Thirring, W.",
	doi = "10.1007/BF01403177",
	journal = "Z. Phys.",
	pages = "339--352",
	title = "{Systems with negative specific heat}",
	volume = "235",
	year = "1970"
}

@article{TinCa74,
	author = "Tindemans, P. A. J. and Capel, H. W.",
	journal = "Physica",
	pages = "433--464",
	title = "{An exact calculation of the free energy in systems with separable interactions}",
	volume = "72",
	year = "1974"
}

@article{Tou08,
	author = "Touchette, H.",
	journal = "Am. J. Phys.",
	pages = "26--30",
	title = "{Simple spin models with non-concave entropies}",
	volume = "76",
	year = "2008"
}

@phdthesis{Touchette,
	author = "Touchette, H.",
	school = "McGill University, Montr{\'e}al",
	title = "{Equivalence and Nonequivalence of the Microcanonical and the Canonical Ensembles: {A} Large Deviations Study}",
	year = "2003"
}

@article{TouElTur04,
	author = "Touchette, H. and Ellis, R. S. and Turkington, B.",
	doi = "10.1016/j.physa.2004.03.088",
	journal = "Physica A (Amsterdam)",
	pages = "138--146",
	title = "{An introduction to the thermodynamic and macrostate levels of nonequivalent ensembles}",
	volume = "340",
	year = "2004"
}

@article{Trotter59,
	author = "Trotter, H. F.",
	journal = "Proc. Amer. Math. Soc.",
	pages = "545--551",
	title = "{On the product of semi-groups of operators}",
	volume = "10",
	year = "1959"
}

@article{Trotzky_etal12,
	author = "Trotzky, S. and Chen, Y.-A. and Flesch, A. and McCulloch, I. P. and Schollw{\"o}ck, U. and Eisert, J. and Bloch, I.",
	journal = "Nature Phys.",
	pages = "325--330",
	title = "{Probing the relaxation towards equilibrium in an isolated strongly correlated one-dimensional {B}ose gas}",
	volume = "8",
	year = "2012"
}

@article{Truong74,
	author = "Truong, L.",
	journal = "Commun. Math. Phys.",
	pages = "207--219",
	title = "{Quantum microcanonical entropy of a pair of observables}",
	volume = "39",
	year = "1974"
}

@article{Tsallis88,
	author = "Tsallis, C.",
	journal = "J. Stat. Phys.",
	pages = "479",
	title = "{Possible generalization of {B}oltzmann-{G}ibbs entropy}",
	volume = "52",
	year = "1988"
}

@unpublished{Uys_etal,
	archiveprefix = "arXiv",
	author = "Uys, H. and Biercuk, M. J. and Britton, J. and Bollinger, J. J.",
	eprint = "1111.4792",
	title = "{Towards spin squeezing with trapped ions}"
}

@article{VertogenDeVries72,
	author = "Vertogen, G. and de Vries, A. S.",
	journal = "Physica",
	pages = "634--638",
	title = "{On the thermodynamic equivalence of van der {W}aals spin systems}",
	volume = "59",
	year = "1972"
}

@inbook{Vick,
	author = "Vick, J. W.",
	chapter = "2",
	edition = "2nd",
	publisher = "Springer",
	title = "{Homology Theory: An Introduction to Algebraic Topology}",
	year = "1994"
}

@book{Wales,
	author = "Wales, D. J.",
	publisher = "Cambridge University Press",
	title = "{Energy Landscapes}",
	year = "2004"
}

@article{Wales93,
	author = "Wales, D. J.",
	journal = "Mol. Phys.",
	pages = "151--171",
	title = "{Coexistence in small inert gas clusters}",
	volume = "78",
	year = "1993"
}

@article{WaBe94,
	author = "Wales, D. J. and Berry, R. S.",
	journal = "Phys. Rev. Lett.",
	optdoi = "10.1103/PhysRevLett.73.2875",
	optmonth = "Nov",
	optnumber = "21",
	optnumpages = "3",
	optpublisher = "American Physical Society",
	pages = "2875--2878",
	title = "{Coexistence in Finite Systems}",
	volume = "73",
	year = "1994"
}

@article{Wilson71,
	author = "Wilson, K. G.",
	doi = "10.1103/PhysRevB.4.3174",
	journal = "Phys. Rev. B",
	numpages = "9",
	optmonth = "Nov",
	optnumber = "9",
	pages = "3174--3183",
	publisher = "American Physical Society",
	title = "{Renormalization Group and Critical Phenomena. {I}. {R}enormalization Group and the {K}adanoff Scaling Picture}",
	volume = "4",
	year = "1971"
}

@article{Wootters87,
	author = "Wootters, W. K.",
	doi = "10.1016/0003-4916(87)90176-X",
	journal = "Ann. Phys. (NY)",
	pages = "1--21",
	title = "{A {W}igner-function formulation of finite-state quantum mechanics}",
	volume = "176",
	year = "1987"
}

@article{vdWorm_etal13,
	author = "van den Worm, M. and Sawyer, B. C. and Bollinger, J. J. and Kastner, M.",
	doi = "10.1088/1367-2630/15/8/083007",
	journal = "New J. Phys.",
	pages = "083007",
	title = "{Relaxation timescales and decay of correlations in a long-range interacting quantum simulator}",
	volume = "15",
	year = "2013"
}

@article{Wreszinski10,
	author = "Wreszinski, W. F.",
	doi = "10.1007/s10955-009-9889-8",
	journal = "J. Stat. Phys.",
	pages = "567--578",
	title = "{Approach to equilibrium for a class of random quantum models of infinite range}",
	volume = "138",
	year = "2010"
}

@article{WrightMillerStein82,
	author = "Wright, H. L. and Miller, B. N. and Stein, W. E.",
	journal = "Astrophys. Space Sci.",
	pages = "421--429",
	title = "{The relaxation time of a one-dimensional self-gravitating system}",
	volume = "84",
	year = "1982"
}

@article{Yamaguchi_etal04,
	author = "Yamaguchi, Y.Y. and Barr{\'e}, J. and Bouchet, F. and Dauxois, T. and Ruffo, S.",
	doi = "10.1016/j.physa.2004.01.041",
	journal = "Physica A",
	pages = "36--66",
	title = "{Stability criteria of the {V}lasov equation and quasi-stationary states of the {HMF} model}",
	volume = "337",
	year = "2004"
}

@article{Yamaguchi03,
	author = "Yamaguchi, Yoshiyuki Y.",
	doi = "10.1103/PhysRevE.68.066210",
	journal = "Phys. Rev. E",
	pages = "066210",
	title = "{Relaxation and diffusion in a globally coupled Hamiltonian system}",
	volume = "68",
	year = "2003"
}

@article{Yan_etal13,
	author = "Yan, B. and Moses, S. A. and Gadway, B. and Covey, J. P. and Hazzard, K. R. A. and Rey, A. M. and Jin, D. S. and Ye, J.",
	doi = "10.1038/nature12483",
	journal = "Nature (London)",
	pages = "521--525",
	title = "{Observation of dipolar spin-exchange interactions with lattice-confined polar molecules}",
	volume = "501",
	year = "2013"
}

@article{Zia_etal09,
	author = "Zia, R. K. P. and Redish, E. F. and McKay, S. R.",
	journal = "Am. J. Phys.",
	pages = "614--622",
	title = "{Making sense of the {L}egendre transform}",
	volume = "77",
	year = "2009"
}

@book{Dauxois_etal,
	editor = "Dauxois, T. and Ruffo, S and Arimondo, E. and Wilkens, M.",
	publisher = "Springer",
	series = "{Lecture Notes in Physics}",
	title = "{Dynamics and Thermodynamics of Systems with Long-Range Interactions}",
	volume = "602",
	year = "2002"
}

@book{NIST,
	editor = "Olver, F. W. J. and Lozier, D. W. and Boisvert, R. F. and Clark, C. W.",
	publisher = "Cambridge University Press, Cambridge",
	title = "{{NIST} Handbook of Mathematical Functions}",
	year = "2010"
}

@article{ssq1,
	author = "{Sorensen A.} and {Duan L.-M.} and {Cirac J. I.} and {Zoller P.}",
	doi = "10.1038/35051038",
	issn = "0028-0836",
	journal = "Nature",
	month = "jan",
	note = "10.1038/35051038",
	number = "6816",
	pages = "63--66",
	risfield_0_m3 = "10.1038/35051038",
	title = "{Many-particle entanglement with Bose-Einstein condensates}",
	volume = "409",
	year = "2001"
}

@article{ssq0,
	author = "Wang, Xiaoguang and Sanders, Barry C.",
	doi = "10.1103/PhysRevA.68.012101",
	issue = "1",
	journal = "Phys. Rev. A",
	month = "Jul",
	numpages = "6",
	pages = "012101",
	publisher = "American Physical Society",
	title = "{Spin squeezing and pairwise entanglement for symmetric multiqubit states}",
	url = "http://link.aps.org/doi/10.1103/PhysRevA.68.012101",
	volume = "68",
	year = "2003"
}

