@article{Floquet,
	title        = {Sur les \'equations diff\'erentielles lin\'eaires \`a coefficients p\'eriodiques},
	author       = {Floquet, G.},
	year         = 1883,
	journal      = {Annales scientifiques de l'\'Ecole Normale Sup\'erieure},
	publisher    = {Elsevier},
	volume       = {2e s{\'e}rie, 12},
	pages        = {47--88},
	doi          = {10.24033/asens.220},
	language     = {fr}
}
@article{PhysRevLett.129.140602,
	title        = {Tuning between Continuous Time Crystals and Many-Body Scars in Long-Range $XYZ$ Spin Chains},
	author       = {Bull, Kieran and Hallam, Andrew and Papi\ifmmode \acute{c}\else \'{c}\fi{}, Zlatko and Martin, Ivar},
	year         = 2022,
	month        = {Sep},
	journal      = {Phys. Rev. Lett.},
	publisher    = {American Physical Society},
	volume       = 129,
	pages        = 140602,
	doi          = {10.1103/PhysRevLett.129.140602},
	issue        = 14,
	numpages     = 7
}
@article{PhysRevResearch.1.033202,
	title        = {Exponentially slow heating in short and long-range interacting Floquet systems},
	author       = {Machado, Francisco and Kahanamoku-Meyer, Gregory D. and Else, Dominic V. and Nayak, Chetan and Yao, Norman Y.},
	year         = 2019,
	month        = {Dec},
	journal      = {Phys. Rev. Res.},
	publisher    = {American Physical Society},
	volume       = 1,
	pages        = {033202},
	doi          = {10.1103/PhysRevResearch.1.033202},
	issue        = 3,
	numpages     = 13
}
@article{Mori_2018,
	title        = {Thermalization and prethermalization in isolated quantum systems: a theoretical overview},
	author       = {Takashi Mori and Tatsuhiko N Ikeda and Eriko Kaminishi and Masahito Ueda},
	year         = 2018,
	month        = {may},
	journal      = {Journal of Physics B: Atomic, Molecular and Optical Physics},
	publisher    = {IOP Publishing},
	volume       = 51,
	number       = 11,
	pages        = 112001,
	doi          = {10.1088/1361-6455/aabcdf}
}
@article{ermodel:emch,
	title        = {{Non‐Markovian Model for the Approach to Equilibrium}},
	author       = {Emch, Gérard G.},
	year         = 1966,
	month        = {07},
	journal      = {Journal of Mathematical Physics},
	volume       = 7,
	number       = 7,
	pages        = {1198--1206},
	doi          = {10.1063/1.1705023},
	issn         = {0022-2488}
}
@article{ermodel:radin,
	title        = {{Approach to Equilibrium in a Simple Model}},
	author       = {Radin, Charles},
	year         = 1970,
	month        = 10,
	journal      = {Journal of Mathematical Physics},
	volume       = 11,
	number       = 10,
	pages        = {2945--2955},
	doi          = {10.1063/1.1665079},
	issn         = {0022-2488}
}
@article{soc:dixon,
	title        = {Lattice thermal conductivity of antiferromagnetic insulators},
	author       = {Dixon, G. S.},
	year         = 1980,
	month        = {Apr},
	journal      = {Phys. Rev. B},
	publisher    = {American Physical Society},
	volume       = 21,
	pages        = {2851--2864},
	doi          = {10.1103/PhysRevB.21.2851},
	issue        = 7,
	numpages     = {0}
}
@article{Zhang2018,
	title        = {Experimental quantum simulation of fermion-antifermion scattering via boson exchange in a trapped ion},
	author       = {Zhang, Xiang and Zhang, Kuan and Shen, Yangchao and Zhang, Shuaining and Zhang, Jing-Ning and Yung, Man-Hong and Casanova, Jorge and Pedernales, Julen S. and Lamata, Lucas and Solano, Enrique and Kim, Kihwan},
	year         = 2018,
	month        = {Jan},
	day          = 15,
	journal      = {Nature Communications},
	volume       = 9,
	number       = 1,
	pages        = 195,
	doi          = {10.1038/s41467-017-02507-y},
	issn         = {2041-1723}
}
@article{huse.mbl,
	title        = {Many-body localization and thermalization in quantum statistical mechanics},
	author       = {Rahul Nandkishore and Huse, {David A.}},
	year         = 2015,
	month        = mar,
	day          = 10,
	journal      = {Annual Review of Condensed Matter Physics},
	publisher    = {Annual Reviews Inc.},
	volume       = 6,
	number       = 1,
	pages        = {15--38},
	doi          = {10.1146/annurev-conmatphys-031214-014726},
	issn         = {1947-5454},
	keywords     = {closed systems, eigenstate, entanglement, glass, nonequilibrium},
	language     = {English (US)}
}
@article{PhysRevA.91.033601,
	title        = {Scattering theory for Floquet-Bloch states},
	author       = {Bilitewski, Thomas and Cooper, Nigel R.},
	year         = 2015,
	month        = {03},
	journal      = {Phys. Rev. A},
	publisher    = {American Physical Society},
	volume       = 91,
	pages        = {033601},
	doi          = {10.1103/PhysRevA.91.033601},
	issue        = 3,
	numpages     = 20
}
@article{RevModPhys.95.031001,
	title        = {Colloquium: Quantum and classical discrete time crystals},
	author       = {Zaletel, Michael P. and Lukin, Mikhail and Monroe, Christopher and Nayak, Chetan and Wilczek, Frank and Yao, Norman Y.},
	year         = 2023,
	month        = {Jul},
	journal      = {Rev. Mod. Phys.},
	publisher    = {American Physical Society},
	volume       = 95,
	pages        = {031001},
	doi          = {10.1103/RevModPhys.95.031001},
	issue        = 3,
	numpages     = 34
}
@article{PhysRevLett.109.160401,
	title        = {Quantum Time Crystals},
	author       = {Wilczek, Frank},
	year         = 2012,
	month        = {Oct},
	journal      = {Phys. Rev. Lett.},
	publisher    = {American Physical Society},
	volume       = 109,
	pages        = 160401,
	doi          = {10.1103/PhysRevLett.109.160401},
	issue        = 16,
	numpages     = 5
}
@article{Chen_2008,
	title        = {Exact results of the Kitaev model on a hexagonal lattice: spin states, string and brane correlators, and anyonic excitations},
	author       = {Han-Dong Chen and Zohar Nussinov},
	year         = 2008,
	month        = {feb},
	journal      = {Journal of Physics A: Mathematical and Theoretical},
	publisher    = {},
	volume       = 41,
	number       = 7,
	pages        = {075001},
	doi          = {10.1088/1751-8113/41/7/075001}
}
@article{mbeng_quantum_2020,
	title        = {The quantum {Ising} chain for beginners},
	author       = {Mbeng, Glen Bigan and Russomanno, Angelo and Santoro, Giuseppe E.},
	year         = 2020,
	month        = {sep},
	publisher    = {arXiv},
	doi          = {10.48550/arXiv.2009.09208},
	note         = {arXiv:2009.09208 [cond-mat, physics:quant-ph]},
	keywords     = {Quantum Physics, Condensed Matter - Quantum Gases}
}
@article{soc:phonons,
	title        = {Phonon renormalization in the Kitaev quantum spin liquid},
	author       = {Metavitsiadis, Alexandros and Brenig, Wolfram},
	year         = 2020,
	month        = {Jan},
	journal      = {Phys. Rev. B},
	publisher    = {American Physical Society},
	volume       = 101,
	pages        = {035103},
	doi          = {10.1103/PhysRevB.101.035103},
	issue        = 3,
	numpages     = 7
}
@article{fiete:phonons,
	title        = {Thermal conductivity of local moment models with strong spin-orbit coupling},
	author       = {Stamokostas, Georgios L. and Lapas, Panteleimon E. and Fiete, Gregory A.},
	year         = 2017,
	month        = {Feb},
	journal      = {Phys. Rev. B},
	publisher    = {American Physical Society},
	volume       = 95,
	pages        = {064410},
	doi          = {10.1103/PhysRevB.95.064410},
	issue        = 6,
	numpages     = 26
}
@article{doppler:phonons,
	title        = {Topological bound states in elastic phononic plates induced by disclinations},
	author       = {Baizhan Xia and Zihan Jiang and Liang Tong and Shengjie Zheng and Xianfeng Man},
	year         = 2022,
	journal      = {Acta Mechanica Sinica},
	volume       = 38,
	number       = 2,
	pages        = 521459,
	doi          = {10.1007/s10409-021-09083-0},
	issn         = {0567-7718},
	keywords     = {Elastic phononic plate, Disclinations, Topological bound states, Wannier centers.}
}
@article{Jahng2023,
	title        = {Characterizing and controlling infrared phonon anomaly of bilayer graphene in optical-electrical force nanoscopy},
	author       = {Jahng, Junghoon and Lee, Sunho and Hong, Seong-Gu and Lee, Chang Jun and Menabde, Sergey G. and Jang, Min Seok and Kim, Dong-Hyun and Son, Jangyup and Lee, Eun Seong},
	year         = 2023,
	month        = {Nov},
	day          = 24,
	journal      = {Light: Science {\&} Applications},
	volume       = 12,
	number       = 1,
	pages        = 281,
	doi          = {10.1038/s41377-023-01320-1},
	issn         = {2047-7538}
}
@article{Gadre2022,
	title        = {Nanoscale imaging of phonon dynamics by electron microscopy},
	author       = {Gadre, Chaitanya A. and Yan, Xingxu and Song, Qichen and Li, Jie and Gu, Lei and Huyan, Huaixun and Aoki, Toshihiro and Lee, Sheng-Wei and Chen, Gang and Wu, Ruqian and Pan, Xiaoqing},
	year         = 2022,
	month        = {Jun},
	day          = {01},
	journal      = {Nature},
	volume       = 606,
	number       = 7913,
	pages        = {292--297},
	doi          = {10.1038/s41586-022-04736-8},
	issn         = {1476-4687}
}
@article{matsuda_fundamentals_2015,
	title        = {Fundamentals of picosecond laser ultrasonics},
	author       = {Matsuda, Osamu and Larciprete, Maria Cristina and Voti, Roberto Li and Wright, Oliver B.},
	year         = 2015,
	journal      = {Ultrasonics},
	volume       = 56,
	pages        = {3--20},
	doi          = {10.1016/j.ultras.2014.06.005},
	issn         = {0041-624X}
}
@article{Ruello2015-qx,
	title        = {Physical mechanisms of coherent acoustic phonons generation by ultrafast laser action},
	author       = {Ruello, Pascal and Gusev, Vitalyi E},
	year         = 2015,
	journal      = {Ultrasonics},
	publisher    = {Elsevier BV},
	volume       = 56,
	pages        = {21--35}
}
@article{ng_excitation_2022,
	title        = {Excitation and detection of acoustic phonons in nanoscale systems},
	author       = {Ng, Ryan C. and El Sachat, Alexandros and Cespedes, Francisco and Poblet, Martin and Madiot, Guilhem and Jaramillo-Fernandez, Juliana and Florez, Omar and Xiao, Peng and Sledzinska, Marianna and Sotomayor-Torres, Clivia M. and Chavez-Angel, Emigdio},
	year         = 2022,
	journal      = {Nanoscale},
	volume       = 14,
	number       = 37,
	pages        = {13428--13451},
	doi          = {10.1039/D2NR04100F},
	note         = {Publisher: The Royal Society of Chemistry}
}
@book{Sakurai:1167961,
	title        = {{Modern quantum mechanics; rev. ed.}},
	author       = {Sakurai, Jun John},
	year         = 1994,
	publisher    = {Addison-Wesley},
	address      = {Reading, MA}
}
@inbook{marder:ch13,
	title        = {Condensed Matter Physics},
	author       = {{M}arder, Michael P.},
	year         = 2010,
	publisher    = {John Wiley \& Sons, Ltd},
	pages        = {341--378},
	doi          = {10.1002/9780470949955.ch13},
	isbn         = 9780470949955,
	chapter      = 13
}
@article{harris2020array,
	title        = {Array programming with {NumPy}},
	author       = {Charles R. Harris and K. Jarrod Millman and St{\'{e}}fan J. van der Walt and Ralf Gommers and Pauli Virtanen and David Cournapeau and Eric Wieser and Julian Taylor and Sebastian Berg and Nathaniel J. Smith and Robert Kern and Matti Picus and Stephan Hoyer and Marten H. van Kerkwijk and Matthew Brett and Allan Haldane and Jaime Fern{\'{a}}ndez del R{\'{i}}o and Mark Wiebe and Pearu Peterson and Pierre G{\'{e}}rard-Marchant and Kevin Sheppard and Tyler Reddy and Warren Weckesser and Hameer Abbasi and Christoph Gohlke and Travis E. Oliphant},
	year         = 2020,
	month        = sep,
	journal      = {Nature},
	publisher    = {Springer Science and Business Media {LLC}},
	volume       = 585,
	number       = 7825,
	pages        = {357--362},
	doi          = {10.1038/s41586-020-2649-2}
}
@book{Press2007,
	title        = {Numerical Recipes 3rd Edition: The Art of Scientific Computing},
	author       = {Press, William H. and Teukolsky, Saul A. and Vetterling, William T. and Flannery, Brian P.},
	year         = 2007,
	publisher    = {Cambridge University Press},
	isbn         = {0521880688},
	edition      = 3,
	keywords     = {numerics}
}
@article{Sen_2021,
	title        = {Analytic approaches to periodically driven closed quantum systems: methods and applications},
	author       = {Arnab Sen and Diptiman Sen and K Sengupta},
	year         = 2021,
	month        = {aug},
	journal      = {Journal of Physics: Condensed Matter},
	publisher    = {IOP Publishing},
	volume       = 33,
	number       = 44,
	pages        = 443003,
	doi          = {10.1088/1361-648X/ac1b61}
}
@article{PhysRevB.102.235154,
	title        = {Dynamical transition for a class of integrable models coupled to a bath},
	author       = {Sarkar, Madhumita and Sengupta, K.},
	year         = 2020,
	month        = {Dec},
	journal      = {Phys. Rev. B},
	publisher    = {American Physical Society},
	volume       = 102,
	pages        = 235154,
	doi          = {10.1103/PhysRevB.102.235154},
	issue        = 23,
	numpages     = 11
}
@book{10.1093/acprof:oso/9780199213900.001.0001,
	title        = {{The Theory of Open Quantum Systems}},
	author       = {Breuer, Heinz-Peter and Petruccione, Francesco},
	year         = 2007,
	month        = {01},
	publisher    = {Oxford University Press},
	doi          = {10.1093/acprof:oso/9780199213900.001.0001},
	isbn         = 9780199213900
}
@article{10.1063/PT.3.4020,
	title        = {{Time crystals in periodically driven systems}},
	author       = {Yao, Norman Y. and Nayak, Chetan},
	year         = 2018,
	month        = {09},
	journal      = {Physics Today},
	volume       = 71,
	number       = 9,
	pages        = {40--47},
	doi          = {10.1063/PT.3.4020},
	issn         = {0031-9228}
}
@article{PhysRevLett.114.251603,
	title        = {Absence of Quantum Time Crystals},
	author       = {Watanabe, Haruki and Oshikawa, Masaki},
	year         = 2015,
	month        = {Jun},
	journal      = {Phys. Rev. Lett.},
	publisher    = {American Physical Society},
	volume       = 114,
	pages        = 251603,
	doi          = {10.1103/PhysRevLett.114.251603},
	issue        = 25,
	numpages     = 5
}
@article{PhysRevLett.118.030401,
	title        = {Discrete Time Crystals: Rigidity, Criticality, and Realizations},
	author       = {Yao, N. Y. and Potter, A. C. and Potirniche, I.-D. and Vishwanath, A.},
	year         = 2017,
	month        = {Jan},
	journal      = {Phys. Rev. Lett.},
	publisher    = {American Physical Society},
	volume       = 118,
	pages        = {030401},
	doi          = {10.1103/PhysRevLett.118.030401},
	issue        = 3,
	numpages     = 6
}
@article{PhysRevLett.116.250401,
	title        = {Phase Structure of Driven Quantum Systems},
	author       = {Khemani, Vedika and Lazarides, Achilleas and Moessner, Roderich and Sondhi, S. L.},
	year         = 2016,
	month        = {Jun},
	journal      = {Phys. Rev. Lett.},
	publisher    = {American Physical Society},
	volume       = 116,
	pages        = 250401,
	doi          = {10.1103/PhysRevLett.116.250401},
	issue        = 25,
	numpages     = 6
}
@article{PhysRevLett.117.090402,
	title        = {Floquet Time Crystals},
	author       = {Else, Dominic V. and Bauer, Bela and Nayak, Chetan},
	year         = 2016,
	month        = {Aug},
	journal      = {Phys. Rev. Lett.},
	publisher    = {American Physical Society},
	volume       = 117,
	pages        = {090402},
	doi          = {10.1103/PhysRevLett.117.090402},
	issue        = 9,
	numpages     = 5
}
@article{PhysRevA.91.033617,
	title        = {Modeling spontaneous breaking of time-translation symmetry},
	author       = {Sacha, Krzysztof},
	year         = 2015,
	month        = {Mar},
	journal      = {Phys. Rev. A},
	publisher    = {American Physical Society},
	volume       = 91,
	pages        = {033617},
	doi          = {10.1103/PhysRevA.91.033617},
	issue        = 3,
	numpages     = 5
}
@article{PhysRevLett.111.070402,
	title        = {Impossibility of Spontaneously Rotating Time Crystals: A No-Go Theorem},
	author       = {Bruno, Patrick},
	year         = 2013,
	month        = {Aug},
	journal      = {Phys. Rev. Lett.},
	publisher    = {American Physical Society},
	volume       = 111,
	pages        = {070402},
	doi          = {10.1103/PhysRevLett.111.070402},
	issue        = 7,
	numpages     = 5
}
@article{PhysRevX.7.011026,
	title        = {Prethermal Phases of Matter Protected by Time-Translation Symmetry},
	author       = {Else, Dominic V. and Bauer, Bela and Nayak, Chetan},
	year         = 2017,
	month        = {Mar},
	journal      = {Phys. Rev. X},
	publisher    = {American Physical Society},
	volume       = 7,
	pages        = {011026},
	doi          = {10.1103/PhysRevX.7.011026},
	issue        = 1,
	numpages     = 21
}
@article{PhysRevB.94.085112,
	title        = {Absolute stability and spatiotemporal long-range order in Floquet systems},
	author       = {von Keyserlingk, C. W. and Khemani, Vedika and Sondhi, S. L.},
	year         = 2016,
	month        = {Aug},
	journal      = {Phys. Rev. B},
	publisher    = {American Physical Society},
	volume       = 94,
	pages        = {085112},
	doi          = {10.1103/PhysRevB.94.085112},
	issue        = 8,
	numpages     = 11
}
@inbook{reichl,
	title        = {{T}he {T}ransition to {C}haos: {C}onservative {C}lassical and {Q}uantum {S}ystems},
	author       = {Linda E. Reichl},
	year         = 2021,
	publisher    = {Springer},
	pages        = {339--396},
	doi          = {10.1007/978-3-030-63534-3},
	isbn         = 9783030635336,
	chapter      = {Time-Periodic Quantum Systems}
}
@article{Pizzi2021,
	title        = {Higher-order and fractional discrete time crystals in clean long-range interacting systems},
	author       = {Pizzi, Andrea and Knolle, Johannes and Nunnenkamp, Andreas},
	year         = 2021,
	month        = {Apr},
	day          = 20,
	journal      = {Nature Communications},
	volume       = 12,
	number       = 1,
	pages        = 2341,
	doi          = {10.1038/s41467-021-22583-5},
	issn         = {2041-1723}
}
@article{melt2023,
	title        = {Discrete time crystal enabled by {Stark} many-body localization},
	author       = {Liu, Shuo and Zhang, Shi-Xin and Hsieh, Chang-Yu and Zhang, Shengyu and Yao, Hong},
	year         = 2023,
	month        = mar,
	journal      = {Physical Review Letters},
	volume       = 130,
	number       = 12,
	pages        = 120403,
	doi          = {10.1103/PhysRevLett.130.120403},
	issn         = {0031-9007, 1079-7114},
	urldate      = {2024-03-20},
	note         = {arXiv:2208.02866 [cond-mat, physics:quant-ph]},
	keywords     = {Condensed Matter - Disordered Systems and Neural Networks, Condensed Matter - Strongly Correlated Electrons, Quantum Physics}
}
@article{melt2019,
	title        = {Floquet time crystals in clock models},
	author       = {Surace, Federica Maria and Russomanno, Angelo and Dalmonte, Marcello and Silva, Alessandro and Fazio, Rosario and Iemini, Fernando},
	year         = 2019,
	month        = mar,
	journal      = {Physical Review B},
	volume       = 99,
	number       = 10,
	pages        = 104303,
	doi          = {10.1103/PhysRevB.99.104303},
	issn         = {2469-9950, 2469-9969},
	urldate      = {2024-04-03},
	language     = {en}
}
@article{melt2020,
	title        = {Time crystallinity and finite-size effects in clean {F}loquet systems},
	author       = {Pizzi, Andrea and Malz, Daniel and De Tomasi, Giuseppe and Knolle, Johannes and Nunnenkamp, Andreas},
	year         = 2020,
	month        = dec,
	journal      = {Physical Review B},
	volume       = 102,
	number       = 21,
	pages        = 214207,
	doi          = {10.1103/PhysRevB.102.214207},
	urldate      = {2024-04-03},
	note         = {Publisher: American Physical Society}
}
@misc{melting:khemani,
	title        = {A Brief History of Time Crystals},
	author       = {Vedika Khemani and Roderich Moessner and S. L. Sondhi},
	year         = 2019,
	doi          = {10.48550/arXiv.1910.10745},
	archiveprefix = {arXiv},
	eprint       = {1910.10745},
	primaryclass = {cond-mat.str-el}
}
@article{openfermion,
	title        = {OpenFermion: the electronic structure package for quantum computers},
	author       = {McClean, Jarrod R and Rubin, Nicholas C and Sung, Kevin J and Kivlichan, Ian D and Bonet-Monroig, Xavier and Cao, Yudong and Dai, Chengyu and Fried, E Schuyler and Gidney, Craig and Gimby, Brendan and Gokhale, Pranav and H\"{a}ner, Thomas and Hardikar, Tarini and Havlíček, Vojtěch and Higgott, Oscar and Huang, Cupjin and Izaac, Josh and Jiang, Zhang and Liu, Xinle and McArdle, Sam and Neeley, Matthew and O’Brien, Thomas and O’Gorman, Bryan and Ozfidan, Isil and Radin, Maxwell D and Romero, Jhonathan and Sawaya, Nicolas P D and Senjean, Bruno and Setia, Kanav and Sim, Sukin and Steiger, Damian S and Steudtner, Mark and Sun, Qiming and Sun, Wei and Wang, Daochen and Zhang, Fang and Babbush, Ryan},
	year         = 2020,
	month        = jun,
	journal      = {Quantum Science and Technology},
	publisher    = {IOP Publishing},
	volume       = 5,
	number       = 3,
	pages        = {034014},
	doi          = {10.1088/2058-9565/ab8ebc},
	issn         = {2058-9565}
}
@inproceedings{cupy_learningsys2017,
	title        = {CuPy: A NumPy-Compatible Library for NVIDIA GPU Calculations},
	author       = {Okuta, Ryosuke and Unno, Yuya and Nishino, Daisuke and Hido, Shohei and Loomis, Crissman},
	year         = 2017,
	booktitle    = {Proceedings of Workshop on Machine Learning Systems (LearningSys) in The Thirty-first Annual Conference on Neural Information Processing Systems (NIPS)},
	url          = {http://learningsys.org/nips17/assets/papers/paper_16.pdf}
}
@article{floquet:pert,
	title        = {Floquet perturbation theory for periodically driven weakly interacting fermions},
	author       = {Ghosh, Roopayan and Mukherjee, Bhaskar and Sengupta, K.},
	year         = 2020,
	month        = {Dec},
	journal      = {Phys. Rev. B},
	publisher    = {American Physical Society},
	volume       = 102,
	pages        = 235114,
	doi          = {10.1103/PhysRevB.102.235114},
	issue        = 23,
	numpages     = 12
}
@book{Conn2000,
	title        = {Trust Region Methods},
	author       = {Conn,  Andrew R. and Gould,  Nicholas I. M. and Toint,  Philippe L.},
	year         = 2000,
	month        = jan,
	publisher    = {Society for Industrial and Applied Mathematics},
	doi          = {10.1137/1.9780898719857},
	isbn         = 9780898719857
}
@article{2020SciPy-NMeth,
	title        = {{{SciPy} 1.0: Fundamental Algorithms for Scientific Computing in Python}},
	author       = {Virtanen, Pauli and Gommers, Ralf and Oliphant, Travis E. and Haberland, Matt and Reddy, Tyler and Cournapeau, David and Burovski, Evgeni and Peterson, Pearu and Weckesser, Warren and Bright, Jonathan and {van der Walt}, St{\'e}fan J. and Brett, Matthew and Wilson, Joshua and Millman, K. Jarrod and Mayorov, Nikolay and Nelson, Andrew R. J. and Jones, Eric and Kern, Robert and Larson, Eric and Carey, C J and Polat, {\.I}lhan and Feng, Yu and Moore, Eric W. and {VanderPlas}, Jake and Laxalde, Denis and Perktold, Josef and Cimrman, Robert and Henriksen, Ian and Quintero, E. A. and Harris, Charles R. and Archibald, Anne M. and Ribeiro, Ant{\^o}nio H. and Pedregosa, Fabian and {van Mulbregt}, Paul and {SciPy 1.0 Contributors}},
	year         = 2020,
	journal      = {Nature Methods},
	volume       = 17,
	pages        = {261--272},
	doi          = {10.1038/s41592-019-0686-2}
}
