@comment{x-kbibtex-personnameformatting=<%l><, %f>}

% This file was created with JabRef 2.9.2.
% Encoding: Cp1252

@misc{suppl,
	note = "See the supplementary material for details on the numerical methodology used to simulate the Schroedinger dynamics of the exact Hamiltonian in Eq (2), as well as the analytical RG formalism used to derive the expression for $H_{\rm eff}$ in Eq. (4). Additional plots for the disorder fluctuations and analytical-numerical comparisons are also provided. "
}

@incollection{Arimondo-Rev,
	author = "Arimondo, Ennio and Ciampini, Donatella and Eckardt, Andre and Holthaus, Martin and Morsch, Oliver",
	booktitle = "{Advances in Atomic, Molecular, and Optical Physics}",
	doi = "10.1016/B978-0-12-396482-3.00010-7",
	issn = "1049-250X",
	publisher = "Academic Press",
	title = "{Chapter 10 - Kilohertz-Driven Bose--Einstein Condensates in Optical Lattices}",
	url = "http://www.sciencedirect.com/science/article/pii/B9780123964823000107",
	volume = "61",
	year = "2012"
}

@article{Blatt,
	author = "{Lanyon \textit{et. al. }}, B. P.",
	author_all = "Lanyon, B. P. and Hempel, C. and Nigg, D. and M�ller, M. and Gerritsma, R. and Z�hringer, F. and Schindler, P. and Barreiro, J. T. and Rambach, M. and Kirchmair, G. and Hennrich, M. and Zoller, P. and Blatt, R. and Roos, C. F.",
	doi = "10.1126/science.1208001",
	journal = "Science",
	number = "6052",
	pages = "57--61",
	title = "{Universal Digital Quantum Simulation with Trapped Ions}",
	url = "http://www.sciencemag.org/content/334/6052/57.abstract",
	volume = "334",
	year = "2011"
}

@article{Bastidas,
	author = "Bastidas, V. M. and Emary, C. and Schaller, G. and Brandes, T.",
	doi = "10.1103/PhysRevA.86.063627",
	issue = "6",
	journal = "Phys. Rev. A",
	month = "Dec",
	numpages = "9",
	pages = "063627",
	publisher = "American Physical Society",
	title = "{Nonequilibrium quantum phase transitions in the Ising model}",
	url = "http://link.aps.org/doi/10.1103/PhysRevA.86.063627",
	volume = "86",
	year = "2012"
}

@article{victor,
	author = "Mukherjee, V. and Dutta, A.",
	journal = "J. Stat. Mech.",
	number = "05",
	pages = "P05005",
	title = "{Effects of interference in the dynamics of a spin- 1/2 transverse XY chain driven periodically through quantum critical points}",
	url = "http://stacks.iop.org/1742-5468/2009/i=05/a=P05005",
	volume = "2009",
	year = "2009"
}

@article{SB-AD-SDG,
	author = "Bhattacharyya, Sirshendu and Das, Arnab and Dasgupta, Subinay",
	doi = "10.1103/PhysRevB.86.054410",
	issue = "5",
	journal = "Phys. Rev. B",
	month = "Aug",
	numpages = "7",
	pages = "054410",
	publisher = "American Physical Society",
	title = "{Transverse Ising chain under periodic instantaneous quenches: Dynamical many-body freezing and emergence of slow solitary oscillations}",
	url = "http://link.aps.org/doi/10.1103/PhysRevB.86.054410",
	volume = "86",
	year = "2012"
}

@article{Bloch-1,
	author = "Bloch, Immanuel and Dalibard, Jean and Nascimb{\`e}ne, Sylvain",
	journal = "Nature Physics",
	number = "4",
	pages = "267--276",
	publisher = "Nature Publishing Group",
	title = "{Quantum simulations with ultracold quantum gases}",
	url = "http://dx.doi.org/10.1038/nphys2259",
	volume = "8",
	year = "2012"
}

@article{Bloch-2,
	author = "Bloch, Immanuel and Dalibard, Jean and Zwerger, Wilhelm",
	doi = "10.1103/RevModPhys.80.885",
	issue = "3",
	journal = "Rev. Mod. Phys.",
	month = "Jul",
	pages = "885--964",
	publisher = "American Physical Society",
	title = "{Many-body physics with ultracold gases}",
	url = "http://link.aps.org/doi/10.1103/RevModPhys.80.885",
	volume = "80",
	year = "2008"
}

@article{NMR-5,
	author = "Brown, Kenneth R. and Clark, Robert J. and Chuang, Isaac L.",
	doi = "10.1103/PhysRevLett.97.050504",
	issue = "5",
	journal = "Phys. Rev. Lett.",
	month = "Aug",
	numpages = "4",
	pages = "050504",
	publisher = "American Physical Society",
	title = "{Limitations of Quantum Simulation Examined by Simulating a Pairing Hamiltonian Using Nuclear Magnetic Resonance}",
	url = "http://link.aps.org/doi/10.1103/PhysRevLett.97.050504",
	volume = "97",
	year = "2006"
}

@article{BKC-RMP,
	author = "Chakrabarti, Bikas K. and Acharyya, Muktish",
	doi = "10.1103/RevModPhys.71.847",
	issue = "3",
	journal = "Rev. Mod. Phys.",
	month = "Apr",
	pages = "847--859",
	publisher = "American Physical Society",
	title = "{Dynamic transitions and hysteresis}",
	url = "http://link.aps.org/doi/10.1103/RevModPhys.71.847",
	volume = "71",
	year = "1999"
}

@article{Bogdan-LZ,
	author = "Damski, Bogdan",
	doi = "10.1103/PhysRevLett.95.035701",
	issue = "3",
	journal = "Phys. Rev. Lett.",
	month = "Jul",
	numpages = "4",
	pages = "035701",
	publisher = "American Physical Society",
	title = "{The Simplest Quantum Model Supporting the Kibble-Zurek Mechanism of Topological Defect Production: Landau-Zener Transitions from a New Perspective}",
	url = "http://link.aps.org/doi/10.1103/PhysRevLett.95.035701",
	volume = "95",
	year = "2005"
}

@article{DZ-LZ,
	author = "Damski, Bogdan and Zurek, Wojciech H.",
	doi = "10.1103/PhysRevA.73.063405",
	issue = "6",
	journal = "Phys. Rev. A",
	month = "Jun",
	numpages = "11",
	pages = "063405",
	publisher = "American Physical Society",
	title = "{Adiabatic-impulse approximation for avoided level crossings: From phase-transition dynamics to Landau-Zener evolutions and back again}",
	url = "http://link.aps.org/doi/10.1103/PhysRevA.73.063405",
	volume = "73",
	year = "2006"
}

@article{AD-RM,
	archiveprefix = "arXiv",
	author = "Das, Arnab and Moessner, R.",
	date = "2012-08-01",
	eprint = "1208.0217",
	eprinttype = "arxiv",
	hyphenation = "american",
	title = "{Switching the Anomalous DC Response of an AC-driven Quantum Many-body system}",
	year = "2012"
}

@article{Dziarmaga,
	author = "Dziarmaga, Jacek",
	doi = "10.1103/PhysRevLett.95.245701",
	issue = "24",
	journal = "Phys. Rev. Lett.",
	month = "Dec",
	numpages = "4",
	pages = "245701",
	publisher = "American Physical Society",
	title = "{Dynamics of a Quantum Phase Transition: Exact Solution of the Quantum Ising Model}",
	url = "http://link.aps.org/doi/10.1103/PhysRevLett.95.245701",
	volume = "95",
	year = "2005"
}

@article{Andre-2,
	author = "Eckardt, A. and Holthaus, M.",
	doi = "10.1103/PhysRevLett.101.245302",
	issue = "24",
	journal = "Phys. Rev. Lett.",
	month = "Dec",
	numpages = "4",
	pages = "245302",
	publisher = "American Physical Society",
	title = "{Avoided-Level-Crossing Spectroscopy with Dressed Matter Waves}",
	url = "http://link.aps.org/doi/10.1103/PhysRevLett.101.245302",
	volume = "101",
	year = "2008"
}

@article{Andre-1,
	author = "Eckardt, A. and Weiss, C. and Holthaus, M.",
	doi = "10.1103/PhysRevLett.95.260404",
	issue = "26",
	journal = "Phys. Rev. Lett.",
	month = "Dec",
	numpages = "4",
	pages = "260404",
	publisher = "American Physical Society",
	title = "{Superfluid-Insulator Transition in a Periodically Driven Optical Lattice}",
	url = "http://link.aps.org/doi/10.1103/PhysRevLett.95.260404",
	volume = "95",
	year = "2005"
}

@article{Gauge-1b,
	allauthor = "Hauke, Philipp and Tieleman, Olivier and Celi, Alessio and {\"O}lschl{\"a}ger, Christoph and Simonet, Juliette and Struck, Julian and Weinberg, Malte and Windpassinger, Patrick and Sengstock, Klaus and Lewenstein, Maciej and Eckardt, Andr{\'e}",
	author = "{Hauke \textit{et.al.}}, Philipp",
	doi = "10.1103/PhysRevLett.109.145301",
	issue = "14",
	journal = "Phys. Rev. Lett.",
	month = "Oct",
	numpages = "6",
	pages = "145301",
	publisher = "American Physical Society",
	title = "{Non-Abelian Gauge Fields and Topological Insulators in Shaken Optical Lattices}",
	url = "http://link.aps.org/doi/10.1103/PhysRevLett.109.145301",
	volume = "109",
	year = "2012"
}

@article{Khaneja,
	allauthor = "Navin Khaneja and Timo Reiss and Cindie Kehlet and Thomas Schulte-Herbr{\"u}ggen and Steffen J. Glaser",
	author = "{Khaneja \textit{et. al.}}, Navin",
	doi = "10.1016/j.jmr.2004.11.004",
	issn = "1090-7807",
	journal = "Journal of Magnetic Resonance",
	number = "2",
	pages = "296",
	title = "{Optimal control of coupled spin dynamics: design of NMR pulse sequences by gradient ascent algorithms}",
	url = "http://www.sciencedirect.com/science/article/pii/S1090780704003696",
	volume = "172",
	year = "2005"
}

@article{Kibble,
	author = "Kibble, T W B",
	journal = "Journal of Physics A: Mathematical and General",
	number = "8",
	pages = "1387",
	title = "{Topology of cosmic domains and strings}",
	url = "http://stacks.iop.org/0305-4470/9/i=8/a=029",
	volume = "9",
	year = "1976"
}

@book{Landau,
	author = "Landau, LD and Lifshitz, EM",
	publisher = "Butterworth-Heinemann",
	title = "{Quantum mechanics non-relativistic theory}",
	volume = "3",
	year = "1981"
}

@article{Arimondo-1,
	allauthor = "Lignier, H. and Sias, C. and Ciampini, D. and Singh, Y. and Zenesini, A. and Morsch, O. and Arimondo, E.",
	author = "{Lignier \textit{et. al.}}, H",
	doi = "10.1103/PhysRevLett.99.220403",
	issue = "22",
	journal = "Phys. Rev. Lett.",
	month = "Nov",
	numpages = "4",
	pages = "220403",
	publisher = "American Physical Society",
	title = "{Dynamical Control of Matter-Wave Tunneling in Periodic Potentials}",
	url = "http://link.aps.org/doi/10.1103/PhysRevLett.99.220403",
	volume = "99",
	year = "2007"
}

@article{Gauge-2,
	author = "Lindner, Netanel H and Refael, Gil and Galitski, Victor",
	journal = "Nature Physics",
	number = "6",
	pages = "490--495",
	publisher = "Nature Publishing Group",
	title = "{Floquet topological insulator in semiconductor quantum wells}",
	url = "http://dx.doi.org/10.1038/nphys1926",
	volume = "7",
	year = "2011"
}

@book{Messiah,
	author = "Messiah, Albert",
	publisher = "English Edition)(North Holland: Amster",
	title = "{Quantum mechanics, vol. II}",
	year = "1962"
}

@article{Kris-Periodic,
	author = "{Mondal, S.} and {Pekker, D.} and {Sengupta, K.}",
	doi = "10.1209/0295-5075/100/60007",
	journal = "EPL",
	month = "",
	number = 6,
	pages = "60007",
	title = "{Dynamics-induced freezing of strongly correlated ultracold bosons}",
	url = "http://dx.doi.org/10.1209/0295-5075/100/60007",
	volume = 100,
	year = 2012
}

@article{NMR-4,
	allauthor = "Negrevergne, C. and Somma, R. and Ortiz, G. and Knill, E. and Laflamme, R.",
	author = "{Negrevergne \textit{et. al.}}, C",
	doi = "10.1103/PhysRevA.71.032344",
	issue = "3",
	journal = "Phys. Rev. A",
	month = "Mar",
	numpages = "11",
	pages = "032344",
	publisher = "American Physical Society",
	title = "{Liquid-state NMR simulations of quantum many-body problems}",
	url = "http://link.aps.org/doi/10.1103/PhysRevA.71.032344",
	volume = "71",
	year = "2005"
}

@article{Prosen-1,
	author = "Prosen, Toma\v{z} and Ilievski, Enej",
	doi = "10.1103/PhysRevLett.107.060403",
	issue = "6",
	journal = "Phys. Rev. Lett.",
	month = "Aug",
	numpages = "4",
	pages = "060403",
	publisher = "American Physical Society",
	title = "{Nonequilibrium Phase Transition in a Periodically Driven $XY$ Spin Chain}",
	url = "http://link.aps.org/doi/10.1103/PhysRevLett.107.060403",
	volume = "107",
	year = "2011"
}

@article{NMR-7,
	author = "Roumpos, Georgios and Master, Cyrus P. and Yamamoto, Yoshihisa",
	doi = "10.1103/PhysRevB.75.094415",
	issue = "9",
	journal = "Phys. Rev. B",
	month = "Mar",
	numpages = "10",
	pages = "094415",
	publisher = "American Physical Society",
	title = "{Quantum simulation of spin ordering with nuclear spins in a solid-state lattice}",
	url = "http://link.aps.org/doi/10.1103/PhysRevB.75.094415",
	volume = "75",
	year = "2007"
}

@article{Gauge-1a,
	allauthor = "Struck, J. and {\"O}lschl{\"a}ger, C. and Weinberg, M. and Hauke, P. and Simonet, J. and Eckardt, A. and Lewenstein, M. and Sengstock, K. and Windpassinger, P.",
	author = "{Struck \textit{et. al.}}, J",
	doi = "10.1103/PhysRevLett.108.225304",
	issue = "22",
	journal = "Phys. Rev. Lett.",
	month = "May",
	numpages = "5",
	pages = "225304",
	publisher = "American Physical Society",
	title = "{Tunable Gauge Potential for Neutral and Spinless Particles in Driven Optical Lattices}",
	url = "http://link.aps.org/doi/10.1103/PhysRevLett.108.225304",
	volume = "108",
	year = "2012"
}

@article{Shengstock,
	allauthor = "Struck, J. and �lschl�ger, C. and Le Targat, R. and Soltan-Panahi, P. and Eckardt, A. and Lewenstein, M. and Windpassinger, P. and Sengstock, K.",
	author = "{Struck \textit{et. al.}}, J",
	doi = "10.1126/science.1207239",
	journal = "Science",
	number = "6045",
	pages = "996--999",
	title = "{Quantum Simulation of Frustrated Classical Magnetism in Triangular Optical Lattices}",
	url = "http://www.sciencemag.org/content/333/6045/996.abstract",
	volume = "333",
	year = "2011"
}

@book{BKC-Book,
	author = "Suzuki, Sei and Inoue, Jun-ichi and Chakrabarti, Bikas K",
	publisher = "Springer, Heidelberg",
	title = "{Quantum Ising Phases and Transitions in Transverse Ising Models}",
	year = "2013"
}

@article{NMR-1,
	allauthor = "Tseng, C. H. and Somaroo, S. and Sharf, Y. and Knill, E. and Laflamme, R. and Havel, T. F. and Cory, D. G.",
	author = "{Tseng \textit{et. al.}}, C H",
	doi = "10.1103/PhysRevA.62.032309",
	issue = "3",
	journal = "Phys. Rev. A",
	month = "Aug",
	numpages = "9",
	pages = "032309",
	publisher = "American Physical Society",
	title = "{Quantum simulation with natural decoherence}",
	url = "http://link.aps.org/doi/10.1103/PhysRevA.62.032309",
	volume = "62",
	year = "2000"
}

@article{NMR-3,
	author = "Weinstein, Yaakov S. and Lloyd, Seth and Emerson, Joseph and Cory, David G.",
	doi = "10.1103/PhysRevLett.89.157902",
	issue = "15",
	journal = "Phys. Rev. Lett.",
	month = "Sep",
	numpages = "4",
	pages = "157902",
	publisher = "American Physical Society",
	title = "{Experimental Implementation of the Quantum Baker's Map}",
	url = "http://link.aps.org/doi/10.1103/PhysRevLett.89.157902",
	volume = "89",
	year = "2002"
}

@article{NMR-2,
	author = "Wu, L.-A. and Byrd, M. S. and Lidar, D. A.",
	doi = "10.1103/PhysRevLett.89.057904",
	issue = "5",
	journal = "Phys. Rev. Lett.",
	month = "Jul",
	numpages = "4",
	pages = "057904",
	publisher = "American Physical Society",
	title = "{Polynomial-Time Simulation of Pairing Models on a Quantum Computer}",
	url = "http://link.aps.org/doi/10.1103/PhysRevLett.89.057904",
	volume = "89",
	year = "2002"
}

@article{NMR-6,
	author = "Yang, Xiaodong and Wang, An Min and Xu, Feng and Du, Jiangfeng",
	doi = "10.1016/j.cplett.2006.02.023",
	issn = "0009-2614",
	journal = "Chemical Physics Letters",
	number = "1�??3",
	pages = "20--24",
	title = "{Experimental simulation of a pairing Hamiltonian on an NMR quantum computer}",
	url = "http://www.sciencedirect.com/science/article/pii/S0009261406002053",
	volume = "422",
	year = "2006"
}

@article{Zener,
	author = "Zener, Clarence",
	journal = "Proceedings of the Royal Society of London. Series A, Containing Papers of a Mathematical and Physical Character",
	number = "833",
	pages = "696--702",
	publisher = "JSTOR",
	title = "{Non-adiabatic crossing of energy levels}",
	url = "http://dx.doi.org/10.1098/rspa.1932.0165",
	volume = "137",
	year = "1932"
}

@article{Arimondo-2,
	allauthor = "Zenesini, Alessandro and Lignier, Hans and Ciampini, Donatella and Morsch, Oliver and Arimondo, Ennio",
	author = "{Zenesini \textit{et. al.}}, Alessandro",
	doi = "10.1103/PhysRevLett.102.100403",
	issue = "10",
	journal = "Phys. Rev. Lett.",
	month = "Mar",
	numpages = "4",
	pages = "100403",
	publisher = "American Physical Society",
	title = "{Coherent Control of Dressed Matter Waves}",
	url = "http://link.aps.org/doi/10.1103/PhysRevLett.102.100403",
	volume = "102",
	year = "2009"
}

@article{Zurek,
	author = "Zurek, WH",
	journal = "Nature",
	number = "6037",
	pages = "505--508",
	publisher = "Nature Publishing Group",
	title = "{Cosmological experiments in superfluid helium?}",
	url = "http://dx.doi.org/10.1038/317505a0",
	volume = "317",
	year = "1985"
}

@article{Zurek-Dorner,
	author = "Zurek, Wojciech H. and Dorner, Uwe and Zoller, Peter",
	doi = "10.1103/PhysRevLett.95.105701",
	issue = "10",
	journal = "Phys. Rev. Lett.",
	month = "Sep",
	numpages = "4",
	pages = "105701",
	publisher = "American Physical Society",
	title = "{Dynamics of a Quantum Phase Transition}",
	url = "http://link.aps.org/doi/10.1103/PhysRevLett.95.105701",
	volume = "95",
	year = "2005"
}

@book{haeberlen,
	author = "Haeberlen, Ulrich",
	publisher = "Academic Press New York",
	title = "{High resolution NMR in solids: selective averaging}",
	volume = "1",
	year = "1976"
}

@book{kowalewski2006nuclear,
	author = "Kowalewski, Jozef and Maler, Lena",
	publisher = "Taylor \& Francis",
	title = "{Nuclear spin relaxation in liquids: theory, experiments, and applications}",
	volume = "2",
	year = "2006"
}

@book{cavanagh1995protein,
	author = "Cavanagh, John and Fairbrother, Wayne J and {Palmer III}, Arthur G and Skelton, Nicholas J",
	publisher = "Academic Press",
	title = "{Protein NMR spectroscopy: principles and practice}",
	year = "1995"
}

@article{AD-DQH,
	author = "Das, Arnab",
	doi = "10.1103/PhysRevB.82.172402",
	issue = "17",
	journal = "Phys. Rev. B",
	month = "Nov",
	numpages = "4",
	pages = "172402",
	publisher = "American Physical Society",
	title = "{Exotic freezing of response in a quantum many-body system}",
	url = "http://link.aps.org/doi/10.1103/PhysRevB.82.172402",
	volume = "82",
	year = "2010"
}

@article{cory,
	author = "Ramanathan, Chandrasekhar and Sinha, Suddhasattwa and Baugh, Jonathan and Havel, Timothy F. and Cory, David G.",
	doi = "10.1103/PhysRevA.71.020303",
	issue = "2",
	journal = "Phys. Rev. A",
	month = "Feb",
	numpages = "4",
	pages = "020303",
	publisher = "American Physical Society",
	title = "{Selective coherence transfers in homonuclear dipolar coupled spin systems}",
	url = "http://link.aps.org/doi/10.1103/PhysRevA.71.020303",
	volume = "71",
	year = "2005"
}

@article{vega,
	author = "Vega, S. and Naor, Y.",
	collaboration = "",
	doi = "10.1063/1.441857",
	journal = "The Journal of Chemical Physics",
	keywords = "NMR SPECTRA; ENERGYLEVEL TRANSITIONS; MONOCRYSTALS; SODIUM COMPLEXES; HYDRATES",
	number = "1",
	pages = "75--86",
	publisher = "AIP",
	title = "{Triple quantum NMR on spin systems with I = 3/2 in solids}",
	url = "http://link.aip.org/link/?JCP/75/75/1",
	volume = "75",
	year = "1981"
}

@article{Ref1,
	author = "{Zhang {\it et. al.}}, J.",
	collaboration = "",
	journal = "Phys. Rev. A",
	keywords = "",
	number = "",
	pages = "012305",
	publisher = "American Physical Society",
	title = "{Direct observation of quantum criticality in Ising spin chains}",
	url = "https://journals.aps.org/pra/abstract/10.1103/PhysRevA.79.012305",
	volume = "79",
	year = "2009"
}

@article{Ref2,
	author = "{Zhang {\it et. al.}}, J.",
	collaboration = "",
	journal = "Phys. Rev. Letts.",
	keywords = "",
	number = "",
	pages = "100501",
	publisher = "American Physical Society",
	title = "{Detection of Quantum Critical Points by a Probe Qubit}",
	url = "https://journals.aps.org/prl/abstract/10.1103/PhysRevLett.100.10050",
	volume = "100",
	year = "2008"
}

@article{Sthitadhi,
	archiveprefix = "arXiv",
	author = "Nag, T. and Roy, S. and Dutta, A and Sen, D",
	eprint = "1312.6467",
	journal = "(accepted in Phys. Rev. B.)",
	publisher = "American Physical Society",
	title = "{Detection of Quantum Critical Points by a Probe Qubit}",
	volume = "",
	year = "2014"
}

@article{AAR-PRL,
	author = "Lazarides, A. and Das, A and Moessner, R",
	collaboration = "",
	doi = "10.1103/PhysRevLett.112.150401",
	journal = "Phys. Rev. Letts.",
	keywords = "",
	number = "",
	pages = "150401",
	publisher = "American Physical Society",
	title = "{Periodic thermodynamics of isolated systems}",
	volume = "112",
	year = "2014"
}

@article{AAR-Generic,
	author = "Lazarides, A. and Das, A and Moessner, R",
	journal = "Phys. Rev. E",
	pages = "012110",
	publisher = "American Physical Society",
	title = "{Equilibrium states of generic quantum systems subject to periodic driving}",
	volume = "90",
	year = "2014"
}

@book{Sei-Book,
	author = "Suzuki, S. and Inoue, J.I. and Chakrabarti, B. K.",
	publisher = "Lecture Notes in Physics, Springer.",
	title = "{Quantum Ising Phases and Transitions in Transverse Ising Models}",
	volume = "862",
	year = "2013"
}

@article{DMF-IISER-Exp,
	archiveprefix = "arXiv",
	author = "Hegde, S. and Katiyar, H. and Mahesh, T. S. and Das, A.",
	eprint = "1307.8219",
	primaryclass = "quant-ph",
	title = "{Freezing a Quantum Magnet by Repeated Quantum Interference: An Experimental Realization}",
	year = "2013"
}

@article{Ashhab-Nori,
	author = "Ashhab, S. and Johansson, J. R. and Zagoskin, A.M. and Nori, F",
	collaboration = "",
	journal = "Phys. Rev. A",
	keywords = "",
	number = "",
	pages = "063414",
	publisher = "",
	title = "{Two-level systems driven by large-amplitude fields}",
	volume = "75",
	year = "2007"
}

@article{Dunlap,
	author = "Dunlap, A. H. and Kenkre, V. M.",
	collaboration = "",
	journal = "Phys. Rev. B",
	keywords = "",
	number = "",
	pages = "3625",
	publisher = "",
	title = "{Dynamic localization of a charged particle moving under the influence of an electric field}",
	volume = "34",
	year = "1986"
}

@article{Hanggi,
	author = "Grossmann, F. and Dittrich, T. and Jung, P. and H{\"a}nggi, P",
	collaboration = "",
	journal = "Phys. Rev. Lett.",
	keywords = "",
	number = "",
	pages = "516",
	publisher = "",
	title = "{Coherent destruction of tunneling}",
	volume = "67",
	year = "1991"
}

@article{Mintert,
	author = "Verdeny, A. and Mielke, A. and Mintert, F.",
	collaboration = "",
	journal = "Phys. Rev. Lett.",
	keywords = "",
	number = "",
	pages = "175301",
	publisher = "",
	title = "{Accurate effective Hamiltonians via unitary flow in Floquet space}",
	volume = "111",
	year = "2013"
}

@article{Wegner,
	author = "Wegner, F.",
	collaboration = "",
	journal = "Annalen der Physik",
	keywords = "",
	number = "",
	pages = "77",
	publisher = "",
	title = "{Flow-equation for Hamiltonians}",
	volume = "3",
	year = "1994"
}

@book{Kehrein-book,
	author = "Kehrein, S.",
	publisher = "Springer.",
	title = "{The Flow Equation Approach to Many- Particle Systems}",
	volume = "",
	year = "2006"
}

@article{Russomanno,
	author = "Russomanno, Angelo and Silva, Alessandro and Santoro, Giuseppe E.",
	doi = "10.1103/PhysRevLett.109.257201",
	issue = "25",
	journal = "Phys. Rev. Lett.",
	month = "Dec",
	numpages = "5",
	pages = "257201",
	publisher = "American Physical Society",
	title = "{Periodic Steady Regime and Interference in a Periodically Driven Quantum System}",
	url = "http://link.aps.org/doi/10.1103/PhysRevLett.109.257201",
	volume = "109",
	year = "2012"
}

@article{Analabha1,
	author = "Roy, Analabha and Reichl, L. E.",
	doi = "10.1103/PhysRevA.77.033418",
	issue = "3",
	journal = "Phys. Rev. A",
	month = "Mar",
	numpages = "14",
	pages = "033418",
	publisher = "American Physical Society",
	title = "{Coherent control of trapped bosons}",
	url = "http://link.aps.org/doi/10.1103/PhysRevA.77.033418",
	volume = "77",
	year = "2008"
}

@article{Analabha2,
	author = "Roy, Analahba and Reichl, L.E.",
	doi = "10.1016/j.physe.2010.01.010",
	issn = "1386-9477",
	journal = "Physica E",
	keywords = "Quantum control; Optical lattice; \{STIRAP\}",
	number = "5",
	pages = "1627--1632",
	title = "{Quantum control of interacting bosons in periodic optical lattice}",
	url = "http://www.sciencedirect.com/science/article/pii/S1386947710000391",
	volume = "42",
	year = "2010"
}

@article{Kris-Freezing,
	author = "Mondal, S. and Pekker, D. and Sengupta, K.",
	journal = "EPL",
	number = "6",
	pages = "60007",
	title = "{Dynamics-induced freezing of strongly correlated ultracold bosons}",
	url = "http://stacks.iop.org/0295-5075/100/i=6/a=60007",
	volume = "100",
	year = "2012"
}

@article{AD-KS-DS-BKC,
	author = "Das, Arnab and Sengupta, K. and Sen, Diptiman and Chakrabarti, Bikas K.",
	doi = "10.1103/PhysRevB.74.144423",
	issue = "14",
	journal = "Phys. Rev. B",
	month = "Oct",
	numpages = "10",
	pages = "144423",
	publisher = "American Physical Society",
	title = "{Infinite-range Ising ferromagnet in a time-dependent transverse magnetic field: Quench and ac dynamics near the quantum critical point}",
	url = "http://link.aps.org/doi/10.1103/PhysRevB.74.144423",
	volume = "74",
	year = "2006"
}

@article{Lieb,
	author = "Lieb, E. and Schultz, T. and Mattis, D.",
	issue = "",
	journal = "Annals of Physics",
	month = "",
	numpages = "",
	pages = "407--466",
	publisher = "",
	title = "{Two Soluble Models of an Antiferromagnetic Chain}",
	volume = "16",
	year = "1961"
}

@article{BLAS,
	acmid = "567807",
	address = "New York, NY, USA",
	allauthor = "Blackford, Susan and Demmel, James and Dongarra, Jack and Duff, Iain and Hammarling, Svsn and Henry, Greg and Heroux, Michael and Kaufman, Linda and Lumsdaine, Andrew and Petitet, Antoine and Pozo, Roldan and Remington, Karin and Whaley, R. Clint",
	author = "{Blackford \textit{et. al.}}, Susan",
	doi = "10.1145/567806.567807",
	issn = "0098-3500",
	issue_date = "June 2002",
	journal = "ACM Trans. Math. Softw.",
	month = jun,
	number = "2",
	numpages = "17",
	pages = "135--151",
	publisher = "ACM",
	title = "{An Updated Set of Basic Linear Algebra Subprograms (BLAS)}",
	url = "http://doi.acm.org/10.1145/567806.567807",
	volume = "28",
	year = "2002"
}

@book{GSL,
	author = "Galassi, Mark and Davies, Jim and Theiler, James and Gough, Brian and Jungman, Gerard and Booth, Michael and Rossi, Fabrice",
	day = "01",
	howpublished = "Paperback",
	isbn = "0954161734",
	keywords = "numerical\_recipes",
	month = feb,
	posted-at = "2008-04-04 09:38:42",
	priority = "2",
	publisher = "Network Theory Ltd.",
	title = "{Gnu Scientific Library: Reference Manual}",
	url = "http://www.worldcat.org/isbn/0954161734",
	year = "2003"
}

@article{Wilson,
	author = "G{\l}azek, Stanis{\l}aw D. and Wilson, Kenneth G.",
	doi = "10.1103/PhysRevD.48.5863",
	issue = "12",
	journal = "Phys. Rev. D",
	month = "Dec",
	numpages = "0",
	pages = "5863--5872",
	publisher = "American Physical Society",
	title = "{Renormalization of Hamiltonians}",
	url = "http://link.aps.org/doi/10.1103/PhysRevD.48.5863",
	volume = "48",
	year = "1993"
}

@article{Glazek,
	archiveprefix = "arXiv",
	author = "Glazek, S. D.",
	eprint = "hep-th/9706149",
	title = "{Renormalization of Hamiltonians}",
	year = "1997"
}

@article{Shirley,
	author = "Shirley, Jon H.",
	doi = "10.1103/PhysRev.138.B979",
	issue = "4B",
	journal = "Phys. Rev.",
	month = "May",
	numpages = "0",
	pages = "B979--B987",
	publisher = "American Physical Society",
	title = "{Solution of the Schr{\"o}dinger Equation with a Hamiltonian Periodic in Time}",
	url = "http://link.aps.org/doi/10.1103/PhysRev.138.B979",
	volume = "138",
	year = "1965"
}

@article{Sambe,
	author = "Sambe, Hideo",
	doi = "10.1103/PhysRevA.7.2203",
	issue = "6",
	journal = "Phys. Rev. A",
	month = "Jun",
	numpages = "0",
	pages = "2203--2213",
	publisher = "American Physical Society",
	title = "{Steady States and Quasienergies of a Quantum-Mechanical System in an Oscillating Field}",
	url = "http://link.aps.org/doi/10.1103/PhysRevA.7.2203",
	volume = "7",
	year = "1973"
}

@article{Young-Random,
	author = "Young, A. P. and Rieger, H.",
	journal = "Phys. Rev. B",
	pages = "8486",
	publisher = "American Physical Society",
	title = "{Numerical study of the random transverse-field Ising spin chain}",
	volume = "53",
	year = "1996"
}

@article{Dziarmaga-Random,
	author = "Dziarmaga, Jacek",
	doi = "10.1103/PhysRevB.74.064416",
	issue = "6",
	journal = "Phys. Rev. B",
	month = "Aug",
	numpages = "5",
	pages = "064416",
	publisher = "American Physical Society",
	title = "{Dynamics of a quantum phase transition in the random Ising model: Logarithmic dependence of the defect density on the transition rate}",
	url = "http://link.aps.org/doi/10.1103/PhysRevB.74.064416",
	volume = "74",
	year = "2006"
}

@book{Sachdev-Book,
	author = "Sachdev, S.",
	isbn = "9781139500210",
	publisher = "Cambridge University Press",
	series = "{Troisi{\`e}me Cycle de la Physique}",
	title = "{Quantum Phase Transitions}",
	year = "2011"
}

@book{watson,
	address = "Cambridge, England",
	author = "Watson, G. N.",
	publisher = "Cambridge University Press",
	title = "{A {T}reatise on the {T}heory of {B}essel {F}unctions}",
	year = "1944"
}

@article{Anatoli-Periodic,
	author = "Bukov, Marin and D'Alessio, Luca and Polkovnikov, Anatoli",
	eprint = "1407.4803v2",
	eprinttype = "arxiv",
	title = "{Universal High-Frequency Behavior of Periodically Driven Systems: from Dynamical Stabilization to Floquet Engineering}",
	year = "2014"
}

@article{Luca-Rigol,
	author = "D'Alessio, Luca and Rigol, Marcos",
	eprint = "1402.5141",
	eprinttype = "arxiv",
	title = "{Long-time behavior of periodically driven isolated interacting quantum systems}",
	year = "2014"
}

@article{Anushya,
	author = "Ponte, Pedro and Chandran, Anushya and Papic, Z. and Abanin, Dmitry A.",
	journal = "arXiv:1403.6480",
	title = "{Periodically driven ergodic and many-body localized quantum systems}",
	year = "2014"
}

@article{Manisha-Amit-Diptiman-da,
	author = "Thakurathi, Manisha and Patel, Aavishkar A. and Sen, Diptiman and Dutta, Amit",
	issue = "15",
	journal = "Phys. Rev. B",
	month = "Oct",
	numpages = "13",
	pages = "155133",
	publisher = "American Physical Society",
	title = "{Floquet generation of Majorana end modes and topological invariants}",
	volume = "88",
	year = "2013"
}

@article{Disordered-Potential-Expt-I,
	author = "White, M. and Pasienski, M. and McKay, D. and Zhou, S. Q. and Ceperley, D. and DeMarco, B.",
	issue = "5",
	journal = "Phys. Rev. Lett.",
	month = "Feb",
	numpages = "4",
	pages = "055301",
	publisher = "American Physical Society",
	title = "{Strongly Interacting Bosons in a Disordered Optical Lattice}",
	volume = "102",
	year = "2009"
}

@article{Disordered-Potential-Expt-II,
	author = "Lye, J. E. and Fallani, L. and Modugno, M. and Wiersma, D. S. and Fort, C. and Inguscio, M.",
	issue = "7",
	journal = "Phys. Rev. Lett.",
	month = "Aug",
	numpages = "4",
	pages = "070401",
	publisher = "American Physical Society",
	title = "{Bose-Einstein Condensate in a Random Potential}",
	volume = "95",
	year = "2005"
}

@article{Disordered-Potential-Expt-1D-PRL,
	author = "Schulte, T. and Drenkelforth, S. and Kruse, J. and Ertmer, W. and Arlt, J. and Sacha, K. and Zakrzewski, J. and Lewenstein, M.",
	issue = "17",
	journal = "Phys. Rev. Lett.",
	month = "Oct",
	numpages = "4",
	pages = "170411",
	publisher = "American Physical Society",
	title = "{Routes Towards Anderson-Like Localization of Bose-Einstein Condensates in Disordered Optical Lattices}",
	volume = "95",
	year = "2005"
}

@article{Disordered-Potential-Expt-1D-Nat,
	author = "{Roati {\it et. al.}}, G.",
	journal = "Nature",
	numpages = "4",
	pages = "895",
	publisher = "Nature Publishing Group",
	title = "{Anderson localization of a non-interacting Bose-Einstein condensate}",
	volume = "453",
	year = "2008"
}

6Roati, G. et al., Anderson localization of a non-interacting Bose-Einstein condensate. Nature
453, 895-898 (2008).

@book{Sakurai,
	author = "Sakurai, J. J.",
	publisher = "Addison-Wesley Pub. Co. Inc.",
	title = "{Modern Quantum Mechanics (Revised Ed.)}",
	year = "1994"
}

@article{Floquet-Original,
	author = "Floquet, G.",
	journal = "Ann, Ecole Norm. Sup.",
	pages = "47",
	title = "{Floquet Theorem}",
	volume = "12",
	year = "1883"
}

@article{Disordered-Bosons,
	author = "Lye, J. E. and Fallani, L. and Modugno, M. and Wiersma, D. S. and Fort, C. and Inguscio, M.",
	doi = "10.1103/PhysRevLett.95.070401",
	issue = "7",
	journal = "Phys. Rev. Lett.",
	month = "Aug",
	numpages = "4",
	pages = "070401",
	publisher = "American Physical Society",
	title = "{Bose-Einstein Condensate in a Random Potential}",
	url = "http://link.aps.org/doi/10.1103/PhysRevLett.95.070401",
	volume = "95",
	year = "2005"
}

@article{Bloch-Nat-Phys,
	author = "Bloch, Immanuel",
	journal = "Nature Physics",
	numpages = "8",
	pages = "23",
	publisher = "Nature Publishing Group",
	title = "{Ultracold quantum gases in optical lattices}",
	volume = "1",
	year = "2005"
}

@article{Bloch-Periodic,
	author = "Chen, Yu-Ao and Nascimb{\`e}ne, Sylvain and Aidelsburger, Monika and Atala, Marcos and Trotzky, Stefan and Bloch, Immanuel",
	doi = "10.1103/PhysRevLett.107.210405",
	issue = "21",
	journal = "Phys. Rev. Lett.",
	month = "Nov",
	numpages = "5",
	pages = "210405",
	publisher = "American Physical Society",
	title = "{Controlling Correlated Tunneling and Superexchange Interactions with ac-Driven Optical Lattices}",
	url = "http://link.aps.org/doi/10.1103/PhysRevLett.107.210405",
	volume = "107",
	year = "2011"
}

@article{Kaitzer,
	author = "Kaiser, F. J. and H{\"a}nggi, P. and Kohler, S.",
	journal = "New J. Phys.",
	pages = "065013",
	publisher = "IoP",
	title = "{Molecular electronics in junctions with energy disorder}",
	volume = "10",
	year = "2008"
}

@article{Gopar,
	author = "Gopar, V{\'i}ctor and Molina, Rafael",
	doi = "10.1103/PhysRevB.81.195415",
	issue = "19",
	journal = "Phys. Rev. B",
	month = "May",
	numpages = "5",
	pages = "195415",
	publisher = "American Physical Society",
	title = "{Controlling conductance statistics of quantum wires by driving ac fields}",
	url = "http://link.aps.org/doi/10.1103/PhysRevB.81.195415",
	volume = "81",
	year = "2010"
}

